2175 2911
683 115 800 165 Circe
822 113 1129 177 Philosbpbica.
1641 125 1703 172 99

28 207 179 260 tinet,
200 205 227 257 ὲ
244 203 490 274 praestigiis
514 217 623 253 non
643 201 833 268 semper
857 205 1141 252 immunem
1169 202 1297 252 hanc
1311 236 1323 258 ‚
1343 217 1457 254 reor
1478 235 1491 257 ‚
1522 202 1771 266 experien-

31 271 172 318 tiam.
273 272 412 320 Nam
433 263 597 334 potest
616 266 821 315 daemon
839 265 904 314 fic
931 265 1137 314 illudere
1164 266 1398 317 sensibus,
1424 279 1479 315 ut
1507 261 1653 329 egesti
1682 262 1772 312 hu-

34 347 205 381 mores
230 331 322 382 esse
350 332 495 380 cultri
528 341 820 394 appareant,
841 323 1059 377 maxime
1090 327 1123 375 fi
1144 328 1304 380 subito
1340 328 1652 378 evanescant,
1690 325 1769 375 vel

30 395 173 456 quod
194 396 383 446 veritati
403 395 808 443 convenientius,
831 388 992 457 potest
1019 390 1295 441 verissimos
1329 392 1515 440 cultros
1531 423 1544 443 ‚
1569 386 1769 438 occulta

30 460 215 506 virtute
231 491 244 512 ‚
265 461 315 506 in
333 473 391 506 os
412 459 663 520 ingerere,
688 460 740 506 ὅτ.
759 471 882 504 mox
910 451 1078 519 aperta
1103 469 1324 518 egerere,
1345 470 1454 517 quae
1487 455 1660 502 omnia
1690 468 1771 518 pa·-

31 523 216 586 nurgiae
237 521 414 584 Stygiae
434 519 671 584 sphaeram
697 534 793 567 nec
820 518 1093 570 excedunt,
1119 532 1212 565 nec
1239 518 1481 582 superant.

156 584 352 634 LEUC:
420 582 687 647 Supersunt
712 581 835 635 alia,
853 596 964 643 quae
990 580 1358 629 Cacodaemoni
1388 581 1772 643 praerogativam

29 642 286 694 adstruunt
312 645 450 709 supra
472 648 736 695 Naturam.
837 641 1047 694 Norunt
1068 642 1332 691 tribunalia
1350 645 1398 693 N
1408 642 1604 692 emefis,
1628 641 1772 689 scele-

30 722 144 757 rum
164 708 385 761 vindicis,
401 705 544 770 quod
563 707 852 756 Foederatos
873 722 930 754 ex
953 705 1118 771 paCto,
1144 705 1419 753 adamantis
1440 702 1586 752 instar
1612 704 1674 752 fic
1697 704 1773 753 sae-

28 786 91 833 pe
112 771 332 824 induret,
352 782 406 817 ut
423 772 551 816 inter
571 771 813 830 equuleos
830 770 942 822 laeti,
965 774 1092 818 inter
1116 770 1290 817 mortis
1310 780 1564 815 tormenta
1585 769 1771 814 immo-

28 834 64 879 ti
88 833 345 881 imbellem
364 831 663 894 exprobrent
685 831 821 879 ferro
844 833 1022 885 aciem,
1037 831 1070 880 si
1090 831 1253 879 minsis
1275 829 1586 880 insensibiles,
1602 829 1664 875 ad
1684 831 1776 876 mi-

27 897 227 943 nimum
259 893 507 946 insensati,
527 896 578 943 ὃ(
603 893 794 943 doloris
823 896 993 943 omnis
1031 906 1268 960 expertes.
1369 889 1579 942 Norunt
1599 892 1775 939 Martis

26 957 244 1006 Alumni
263 955 650 1024 spurii,imbelles
668 973 856 1022 vappae,
870 958 916 1006 se
933 955 1151 1007 stabilito
1171 974 1290 1006 cum
1302 957 1447 1006 Orco
1465 954 1662 1004 foedere
1685 966 1780 1016 po-

26 1018 143 1067 fitos
167 1030 298 1066 extra
319 1019 402 1066 teli
420 1018 621 1073 μεθίησι,
642 1022 694 1068 δ(
709 1021 909 1069 Achille
927 1019 1086 1084 magis
1108 1019 1508 1068 invulnerabiles.
1576 1019 1637 1066 Et
1657 1013 1779 1078 quid

25 1081 92 1131 ad
112 1079 197 1129 ista
220 1079 568 1143 Philosophica
587 1082 764 1130 Circe?
799 1098 906 1144 quo
927 1084 1094 1130 modo
1123 1083 1268 1130 solvit
1291 1082 1396 1129 haec
1416 1079 1669 1144 paradoxa
1684 1111 1698 1132 ,
1723 1087 1780 1126 ut

27 1156 198 1194 tamen
223 1143 371 1192 salvet
394 1144 597 1191 Naturae
616 1145 644 1201 J
651 1160 759 1197 ura,
782 1160 876 1192 nec
904 1144 1132 1193 dissolvat
1162 1141 1365 1192 statuta?
1431 1145 1587 1188 MEL:
1656 1142 1780 1190 Prae-

27 1206 324 1270 tergi-editur
353 1220 462 1254 non
491 1205 605 1255 raro
633 1206 838 1257 daemon
859 1209 1063 1256 Naturae
1088 1207 1244 1270 leges,
1270 1217 1380 1255 utut
1406 1205 1599 1253 nullam
1627 1217 1781 1252 trans·

28 1270 294 1334 grediatur.
392 1269 512 1317 Haec
535 1267 564 1317 a
591 1268 773 1318 dolore
799 1271 1116 1323 immunitas,
1138 1271 1386 1332 originem
1420 1268 1540 1333 saepe
1570 1266 1720 1316 trahit
1751 1264 1781 1315 ὲ

29 1332 336 1397 pharmacis,
355 1334 504 1394 opio,
534 1331 738 1385 solano,
760 1334 811 1382 ὅ(
841 1331 942 1388 aliis
963 1365 976 1385 ,
1006 1332 1186 1393 quibus
1216 1329 1682 1383 humoresturbat,
1703 1327 1780 1378 so·-

28 1411 210 1460 porem
235 1396 495 1448 conciliat,
519 1409 799 1444 nervorum
818 1396 1033 1457 origines
1058 1391 1291 1445 obstruit,
1314 1392 1471 1442 sensus
1490 1389 1783 1456 stupefacit,

30 1454 458 1521 sensatione‘mque
478 1457 688 1522 impedit
706 1457 803 1521 ipsa
832 1458 983 1504 etiam
1013 1456 1114 1506 Ars
1147 1456 1385 1506 humana.
1487 1451 1639 1503 Certe
1661 1454 1783 1502 Car-

29 1521 186 1570 danus
218 1518 286 1569 est
303 1519 537 1574 Author,
564 1517 708 1583 quod
741 1520 802 1568 ab
826 1522 1096 1585 Empyrico
1126 1518 1391 1583 quondam
1409 1517 1561 1567 Gallo
1589 1515 1674 1577 sibi
1705 1531 1782 1565 ex-

29 1585 211 1634 hibitus
235 1585 450 1647 lapillus,
473 1583 691 1632 cuicum
713 1598 862 1632 acum
891 1585 1147 1647 ingentem
1177 1580 1486 1634 affricuiss'et,
1517 1580 1660 1628 nullo
1691 1579 1782 1628 do-

28 1649 139 1697 lore
174 1646 436 1697 brachium
462 1644 744 1709 penetrarit.
844 1648 905 1696 Et
923 1645 1155 1708 nunquid
1185 1647 1276 1694 erit
1298 1644 1497 1694 difficile
1527 1644 1780 1691 Botanico

29 1711 224 1774 Stygio,
241 1710 489 1767 ejusmodi
515 1709 737 1775 lapillos,
756 1710 837 1759 vel
858 1709 1035 1759 herbas
1067 1712 1393 1773 conquirere,
1413 1702 1669 1769 coitoque
1693 1719 1781 1769 per

31 1775 305 1837 Megaeram
339 1772 720 1822 medicamento
745 1805 759 1827 ,
788 1773 1100 1838 paradoxum
1129 1772 1220 1822 suis
1249 1772 1456 1820 induere
1491 1766 1779 1834 stuporem?

31 1835 148 1886 hinc
173 1836 407 1884 falluntur
432 1835 612 1885 insulsae
635 1837 848 1891 Lamiae,
870 1836 903 1885 si
920 1835 1050 1885 hanc
1074 1837 1312 1886 virtutem
1333 1833 1604 1886 cineribus,
1623 1833 1782 1895 ingui-

31 1900 83 1948 ni
103 1898 327 1952 infantis,
349 1911 463 1948 ante
492 1898 732 1964 baptisma
756 1899 942 1954 enecti,
967 1900 1213 1964 deglutito
1237 1913 1391 1965 apum
1417 1898 1573 1960 Regi,
1603 1896 1682 1944 vel
1714 1895 1780 1943 al-

32 1962 190 2026 ligatis
217 1964 420 2031 corpori
449 1963 809 2012 membranulis
830 1995 844 2017 ,
882 1977 1003 2012 cum
1029 1960 1537 2011 certoscharasterum
1566 1972 1775 2022 genere,

33 2038 119 2074 aut
140 2027 290 2073 etiam
310 2024 552 2074 susurrato
575 2026 714 2075 malo
733 2028 941 2075 carmini
961 2025 1194 2074 tribuant.
1293 2024 1546 2082 Falluntur
1567 2023 1776 2071 Mavor-

32 2088 92 2136 tis
114 2088 321 2153 probra,
343 2086 378 2136 si
399 2087 443 2136 se
461 2089 747 2138 vulneribus
766 2100 1025 2153 exemptos
1051 2099 1243 2152 putant,
1263 2084 1328 2136 eo
1349 2083 1494 2149 quod
1513 2099 1651 2134 arma
1672 2099 1775 2133 cer-

32 2162 90 2198 to
119 2154 213 2200 ritu
248 2153 528 2205 incantent,
556 2151 788 2219 sacrilego
816 2152 933 2199 ausu
959 2149 1194 2199 Crucifixi
1222 2151 1495 2212 imaginem
1525 2163 1772 2212 compun-

32 2226 176 2277 gant,
203 2214 285 2263 vel
304 2212 337 2262 fi
366 2217 581 2278 periapta
603 2216 833 2277 quaedam
860 2213 1042 2268 ferant,
1076 2212 1434 2262 charasteribus
1467 2213 1678 2274 Magicis
1702 2214 1772 2259 in-

29 2277 216 2342 (ignita,
237 2277 317 2327 vel
334 2276 369 2326 fi
393 2280 646 2326 orationes
666 2277 987 2331 deblaterent,
1012 2292 1131 2339 quas
1148 2275 1394 2340 insignitas
1421 2280 1595 2334 magna,
1617 2275 1670 2322 ut
1695 2275 1770 2322 lo-

32 2355 281 2407 quuntur,
304 2342 429 2388 DEI
446 2340 704 2392 nominibus,
727 2340 868 2390 Divo
893 2341 1082 2394 Leoni,
1108 2340 1185 2389 vel
1209 2338 1403 2389 Carolo
1431 2339 1628 2403 Magno
1654 2338 1773 2385 blas-

32 2407 223 2472 phemo
252 2404 522 2453 mendacio
556 2403 795 2452 tribuunt.
894 2403 1172 2457 Falluntur,
1197 2405 1429 2467 inquam,
1454 2417 1572 2451 nam
1591 2401 1694 2449 haec
1717 2396 1770 2444 fi-

39 2484 132 2532 gna
153 2467 262 2517 sunt
282 2466 478 2516 tantum
504 2467 629 2532 pacti
658 2462 840 2515 scelesti
863 2466 1072 2521 indicia,
1095 2466 1273 2529 quibus
1293 2464 1460 2532 politis
1495 2481 1551 2513 ex
1574 2460 1768 2513 Medeae

39 2530 458 2598 pharmacopolio
475 2530 641 2597 Stygia
670 2529 879 2645 applicssf
906 2529 1276 2641 medicamenta
1293 2563 1309 2588 ‚
1338 2542 1423 2581 aut
1449 2543 1538 2597 per
1565 2520 1773 2636 ειὲὲίζξη·
