2175 2911
379 133 474 184 254
925 113 1078 174 Hydra
1095 109 1221 165 nostri
1241 107 1471 172 Temporis.

312 215 548 270 sollicitus
569 222 663 277 pro
678 204 889 259 Inferno
906 205 1195 269 Episcopus,
1218 203 1479 256 Barbaros,
1495 199 1576 250 vel
1597 199 1632 250 si
1655 203 1742 265 qui
1761 198 1851 250 suis
1870 204 2055 251 immo-

316 284 507 333 tiuntur
534 273 821 324 sceleribus,
842 268 943 317 sine
960 271 1105 316 omni
1124 265 1347 338 praesidio
1373 265 1596 318 relictos,
1619 279 1725 328 quo
1755 265 1975 313 clausum
1994 263 2057 313 ad

314 343 456 396 Coeli
477 340 672 388 delicias
697 335 888 383 aditum
904 365 916 385 ‚
938 330 1096 379 rursus
1117 329 1202 381 libi
1227 331 1448 392 aperiant
1478 327 1660 377 miseri:
1706 330 1757 377 ὅ(
1778 327 1899 389 quid
1923 330 2059 391 cogi-

315 409 407 458 tati
428 401 573 469 poffit
591 400 933 451 truculentum
953 396 1139 458 magis?
1174 407 1283 440 non
1309 405 1676 440 commemoro
1696 392 1819 439 alios
1849 392 1900 438 in
1924 385 2061 439 hisce

315 469 556 533 negativis
589 473 860 514 contentos
888 473 1078 507 errores
1103 490 1116 511 ,
1142 455 1322 519 quibus
1351 451 1534 503 Christi
1565 456 1795 520 patientis
1827 468 2061 502 amorem

315 531 615 585 crudelitatis
635 524 844 577 accusat,
864 525 979 585 quia
1000 520 1225 586 reprobis
1244 518 1578 582 denegatum:
1616 517 1795 580 quibus
1809 519 2062 567 Naturam

315 597 472 663 ipsam
489 590 772 642 crudelibus
789 582 1081 648 constringit
1099 579 1390 632 necessitatis
1410 580 1643 630 vinculis:
1678 580 1858 642 quibus
1876 592 2065 629 morta-

316 663 388 712 les
407 662 458 708 in
475 652 827 721 desperationis
853 648 1140 699 barathrum
1167 646 1434 712 praecipitat
1452 644 1697 692 laureatus
1717 639 1804 691 iste
1819 644 2065 693 OrciMa-

317 720 488 791 gister:
539 734 648 768 non
677 717 844 766 refero
876 725 1081 762 centum
1111 711 1227 763 alia,
1253 711 1369 771 quia
1399 706 1572 756 horret
1592 709 1787 755 animus
1810 708 2061 770 cogitare,

317 802 429 852 quae
445 782 700 843 jansenius
721 781 772 828 in
790 773 925 827 hisce
945 777 1183 839 negativis
1203 787 1312 821 non
1330 770 1527 820 erubuit
1550 768 1753 834 fingere.
1798 770 1909 832 Ego
1929 765 2064 818 certe

315 848 536 902 revulsos
556 839 1135 895 credidiffemlnferos,&
1152 838 1408 886 Furiarum
1422 847 1640 883 catervas
1654 847 1711 881 ex
1726 833 1871 881 Orco
1887 833 2064 896 erupis:

311 915 491 975 se,quae
510 909 726 971 deceptis
747 905 1021 954 hominum
1041 899 1399 961 mentibus,per
1422 909 1500 945 tot
1520 898 1709 944 atrocia
1732 909 1879 943 nova:
1891 897 1961 944 So
1999 896 2070 946 hi-

316 975 444 1026 sticae
462 972 705 1033 figmenta
725 967 1006 1013 illuderent.
1079 962 1179 1007 Sed
1201 971 1436 1005 maneant
1454 959 1638 1019 sepulta
1661 961 1712 1004 in
1739 956 1829 1004 suis
1852 972 1966 1007 tene
2004 961 2066 1009 ris

316 1041 526 1089 Tartara
548 1063 562 1084 ,
593 1027 747 1078 vincit
770 1021 1025 1085 jansenius
1054 1021 1309 1082 impietate
1339 1017 1533 1065 Inferos
1550 1048 1562 1069 ‚
1586 1016 1878 1067 crudelitate
1913 1023 2068 1071 vincit

320 1099 581 1152 Furiarum
595 1101 838 1139 catervas:
877 1097 981 1132 tam
1003 1083 1192 1130 atrocia
1217 1080 1457 1133 enim,vel
1479 1077 1565 1144 ipfi
1584 1094 1691 1128 non
1708 1081 1978 1144 potuissent
1991 1085 2069 1135 In-

319 1164 439 1215 feri,
458 1157 540 1210 vel
574 1147 1033 1202 erubuissentFuriae
1064 1143 1252 1207 fingere
1276 1161 1286 1190 :
1341 1145 1522 1196 vincit,
1544 1143 1668 1191 dum
1699 1158 1786 1206 per
1814 1149 2066 1210 negativas

320 1222 454 1277 adeo
475 1217 724 1269 crudeles,
744 1213 918 1262 adimit
936 1209 1083 1259 DEO
1096 1209 1124 1266 J
1129 1203 1360 1260 ustitiam,
1386 1207 1438 1255 N
1443 1217 1590 1255 aturae
1605 1204 1904 1262 libertatem,
1925 1211 2071 1259 Mor-

318 1287 496 1340 talibus
517 1280 711 1331 fiduciae
731 1274 1033 1325 anchoram:
1072 1272 1242 1324 vincit,
1263 1269 1386 1318 dum
1407 1269 1435 1317 a
1460 1269 1809 1332 Redemptore
1827 1286 2069 1337 apertam,

318 1346 496 1403 denuo
515 1341 739 1395 occludit
763 1339 921 1389 salutis
955 1337 1181 1392 ianuam,
1205 1346 1260 1382 ut
1284 1331 1383 1395 qua
1410 1332 1508 1380 late
1531 1332 1723 1397 potest,
1747 1336 1969 1384 recludat
1986 1353 2071 1386 an.

319 1411 461 1483 gusta
489 1406 734 1459 nimium,
765 1415 860 1468 pro
887 1400 977 1450 suo
1011 1397 1166 1451 Zelo,
1184 1399 1516 1446 Tartarorum
1541 1393 1795 1459 ergastula.
1881 1400 1954 1448 Ite
1972 1400 2072 1456 jam

321 1479 453 1531 Adae
475 1472 696 1523 infelices
712 1461 927 1517 Posteri,
951 1460 1314 1510 mandatorum
1339 1460 1513 1522 jugum
1534 1463 1768 1509 excutite:
1806 1463 2070 1525 Tyrannus

322 1539 393 1592 est
409 1574 422 1596 ,
444 1539 529 1602 qui
547 1531 685 1598 lapsis
705 1532 910 1580 Naturae
936 1525 1119 1574 viribus
1149 1522 1487 1575 intolerabile,
1514 1538 1622 1571 non
1651 1523 1738 1572 nisi
1766 1524 1829 1572 ad
1852 1523 2070 1577 vestrum
2144 1555 2151 1566 ,

322 1606 376 1657 id
396 1602 542 1655 vobis
563 1595 700 1647 dedit
719 1593 993 1640 interitum.
1095 1589 1153 1636 In
1175 1583 1343 1636 vestris
1364 1585 1590 1635 sordibus
1615 1586 1876 1636 sordescite
1903 1605 2075 1653 pecca·
2144 1607 2149 1638 ·.

325 1681 463 1718 tores
485 1696 498 1716 ‚
527 1653 760 1727 peccastis
776 1688 788 1709 ‚
813 1653 894 1703 sed
920 1654 1031 1715 quis
1061 1663 1241 1700 contra
1267 1661 1549 1698 torrentem
1565 1682 1578 1702 ,
1603 1646 1888 1699 destitutam
1923 1655 2072 1703 remis
2147 1687 2151 1698 1

326 1727 574 1806 propellet
601 1717 915 1772 naviculam?
961 1715 1130 1762 Vittrix
1157 1712 1211 1767 est
1231 1716 1387 1763 timor,
1408 1715 1477 1759 cui
1497 1712 1607 1773 lapfiz
1635 1717 1782 1776 nequit
1801 1717 1987 1762 Natura
2005 1733 2073 1763 re·
2143 1708 2151 1770 ss,

317 1795 486 1859 slstereg
521 1782 734 1854 prolapsi
760 1778 895 1834 estis,
913 1778 995 1828 sed
1019 1774 1143 1826 stare
1171 1779 1279 1839 quis
1307 1779 1516 1841 poterit,
1542 1776 1686 1825 nullo
1716 1777 1866 1826 fultus
1890 1779 2073 1829 Gratiae
2145 1777 2148 1804 ³

325 1859 526 1910 Divinae
555 1847 767 1900 auxilio?
795 1843 930 1902 favor
951 1840 1118 1894 coelestis
1148 1838 1286 1898 defait
1307 1873 1320 1893 ,
1348 1855 1428 1902 quo
1455 1839 1545 1897 fine
1580 1842 1719 1886 ruatis
1738 1876 1752 1892 ,
1779 1839 1977 1899 necessum
1998 1841 2069 1896 est.

323 1916 609 1981 Abstergite
621 1913 863 1974 lacrymas
883 1907 1211 1971 poenitentes:
1228 1918 1346 1951 nam
1365 1902 1486 1965 quid
1500 1904 1634 1952 inani
1647 1918 1739 1952 vos
1754 1900 1927 1953 frustra
1941 1905 2077 1956 lustu

325 1980 615 2036 consumitis
629 1978 644 2025 ἒ
659 1975 763 2024 fors
776 1967 1104 2034 lacrymando
1119 1969 1346 2017 Gratiam
1366 1980 1657 2030 recuperare
1677 1966 1955 2017 confiditis?
1977 1969 2076 2019 fru-

332 2047 428 2098 stra
449 2041 541 2093 est:
572 2039 766 2102 peccanti
783 2036 844 2082 nil
862 2045 1070 2086 remanet,
1089 2030 1163 2091 nzfi
1171 2028 1351 2092 superba
1377 2028 1553 2088 egestas,
1570 2030 1700 2090 segnis
1718 2032 1975 2091 indigentia,
1997 2036 2078 2079 im·

326 2110 524 2176 potentia
535 2102 744 2164 generalis
762 2100 815 2145 ad
833 2113 952 2145 omne
971 2095 1139 2143 bonum.
1229 2093 1446 2143 Orando
1468 2107 1561 2140 vos
1582 2094 1757 2156 cupitis
1781 2093 1809 2143 a
1831 2094 1966 2160 lapsu
1987 2097 2076 2145 eri-

331 2172 476 2240 gere?
512 2163 685 2217 frustra
704 2161 798 2213 est:
836 2164 987 2209 Oratio
1019 2158 1143 2220 impij
1170 2172 1328 2204 novum
1353 2167 1575 2216 peccatum
1599 2156 1678 2209 est,
1700 2159 1757 2204 (φ
1786 2161 1893 2220 quod
1913 2162 2081 2206 DEUS

333 2239 398 2286 iu„-
420 2233 629 2281 concedit,
653 2242 810 2274 novum
835 2224 888 2279 est
907 2227 950 2270 in
965 2235 1210 2283 peccantem
1228 2220 1496 2281 ficpplt'cium.
1575 2219 1860 2269 Gemitibus
1879 2221 2071 2271 Ηεᾶεῐε

334 2298 509 2362 cupitis
530 2294 646 2342 DEI
671 2287 1095 2338 misericordiam?
1130 2281 1304 2334 frustra
1323 2278 1417 2333 est3
1455 2281 1607 2332 suevit
1625 2284 1706 2332 illa
1726 2283 1916 2343 &Jadaeo
1935 2287 2072 2343 exige-

337 2380 384 2411 η,
404 2364 563 2419 legem,
583 2369 683 2416 qua
703 2351 839 2409 iubet
862 2351 1078 2412 surgere,
1098 2349 1202 2395 licet
1221 2350 1265 2393 in
1277 2346 1356 2402 fica
1378 2345 1534 2405 lapsum
1561 2348 1814 2406 impotentia
1843 2349 2068 2409 relinquat.

337 2422 518 2477 Forsan
538 2415 922 2478 aRedemptore
941 2413 1134 2476 speratis
1153 2409 1419 2458 auxilium?
1441 2405 1616 2457 frustra
1633 2406 1725 2459 est:
1754 2421 1837 2471 pro
1844 2411 2076 2471 peccatori-

338 2488 416 2537 bns
433 2489 473 2532 ῖς
491 2498 571 2530 non
598 2478 651 2532 est
679 2489 884 2524 mortuus.
952 2473 1087 2539 Ergo
1110 2470 1369 2536 abstergite
1387 2470 1629 2535 lacrymas
1646 2505 1658 2527 ,
1682 2473 1953 2538 desperate,
1974 2473 2081 2519 Ser·

335 2562 483 2605 vatog
511 2542 721 2597 crudelis
741 2535 834 2595 est,
852 2540 940 2602 qui
967 2539 1056 2589 suo
1076 2536 1296 2588 exclusos
1328 2533 1559 2599 pecstore,
1579 2534 1774 2586 dudum
1804 2532 2074 2592 nccess'arijs

1917 2613 2011 2647 vos

2174 2525 2175 2559 l

2173 2564 2175 2580 l
