2175 2911
78 669 289 717 §KG-alen.

76 1248 276 1311 Caspimm.

79 1568 255 1614 Plutar.

81 1635 125 1675 in
146 1631 174 1676 l.
203 1640 289 1672 con.

78 1695 174 1737 viv·

81 1946 262 1996 Scarlac.

386 153 449 202 ’74
952 130 1123 194 coloffiaes
1154 127 1373 190 Mjsticus.

318 225 607 298 pentinam'i‘
656 230 811 278 MEL:
847 229 997 283 Sunt,
1020 231 1106 292 qui
1134 245 1240 279 uno
1262 229 1358 278 ieta
1378 227 1703 295 problematis
1722 225 1922 277 nodum
1943 241 2064 278 eno-

321 295 452 345 daffe
474 295 518 343 se
537 305 822 346 autumant,
843 291 876 340 si
896 292 1150 341 defectum
1169 293 1346 342 caloris
1367 294 1596 357 allegent,
1617 307 1771 354 quem
1793 289 2067 340 vehemen-

320 362 386 408 tia
407 359 551 408 subiti
578 354 741 406 metus
775 356 898 405 solet
920 356 1179 404 inducere:
1216 371 1325 404 non
1353 356 1490 404 aliter
1517 370 1575 404 ac
1607 353 1931 409 senescenteS,
1962 354 2068 403 sen-

320 422 412 471 fim
442 422 678 470 canitiem
695 419 932 470 induunt,
962 421 1078 481 quia
1101 417 1275 467 senfim
1301 431 1488 467 exuunt
1507 418 1748 467 calorem.
1848 417 1948 467 Sed
1972 433 2068 466 no-⁸

321 501 440 534 vam
466 486 590 549 petit
606 483 914 533 solutionem
939 482 1146 530 solutio:
1185 481 1351 530 dicant
1369 483 1522 534 enim,
1537 496 1626 529 eur
1646 483 1840 530 mortui
1859 496 1969 530 non
1993 482 2066 530 in-

322 551 614 601 canescant,
644 558 754 596 utut
783 560 922 594 mors
950 544 1144 610 penitus
1171 547 1447 608 extinguat,
1467 545 1623 592 timor
1645 546 1822 592 mortis
1841 559 1950 592 non
1977 541 2068 591 nisi

319 611 536 660 retrahat
565 609 816 660 calorem?
867 607 1071 674 propius
1091 610 1237 672 igitur
1266 608 1509 673 punCtum
1530 619 1766 671 tangunt,
1788 609 1874 670 qui
1893 617 2068 671 praeter

322 675 501 724 caloris
542 673 825 726 defestum,
857 670 1156 721 effulionem
1197 671 1436 720 subalbidi
1474 669 1703 718 humoris
1741 670 2027 731 obtendunt
2050 700 2066 721 ‚

323 754 479 802 quem
501 739 552 785 in
575 738 679 801 pilo
698 737 936 784 latentem
951 768 962 788 ‚
991 735 1074 783 ubi
1097 731 1333 783 moestitia
1354 729 1576 782 timorve
1598 731 1942 781 vehementius
1962 746 2070 796 pre-

322 804 441 856 mit,
463 799 562 864 qua
582 800 695 848 data
714 812 874 863 porta,
896 800 1068 861 quaerit
1092 796 1351 861 effugium,
1381 793 1553 859 sicque
1575 796 1738 845 subito
1760 796 1950 861 pallore
1976 796 2070 844 tin-

322 865 480 918 ctum,
513 863 807 911 decolorare
836 862 1071 926 capillum
1100 858 1280 925 potest.

450 927 647 977 LEUC:
717 927 842 993 Qis
871 937 1039 989 putet,
1061 922 1205 987 quod
1226 924 1417 974 humor
1443 922 1691 981 ejusmodi
1719 922 1942 987 putridus
1966 932 2074 969 tan-

324 1004 435 1039 tum
458 991 614 1038 Senio
639 988 814 1040 decus,
838 986 1138 1050 tantumque
1201 990 1442 1036 romereri
1472 987 1729 1036 honorem
1762 993 1939 1048 queat?
1975 985 2074 1032 toti

324 1053 532 1104 Mundo
561 1051 818 1098 venerabilis
836 1051 1028 1097 canities.
1113 1054 1154 1096 Α
1174 1053 1268 1096 EL:
1339 1049 1454 1113 Imc}
1481 1049 1767 1098 venerabilis
1789 1048 1984 1095 sibimet
2003 1049 2074 1109 ip-

325 1117 385 1165 s1:
418 1117 524 1177 quis
540 1113 717 1165 nescit,
738 1111 882 1174 quod
909 1112 1099 1158 detecta
1128 1114 1286 1175 capita
1306 1108 1546 1174 postulet,
1567 1110 1782 1173 gloriosa
1801 1111 1917 1158 nive
1950 1125 2074 1158 eon·

325 1178 519 1226 tectum
533 1176 735 1236 Caput?
783 1170 959 1219 testem
986 1173 1020 1220 fi
1048 1174 1184 1237 cupis
1205 1205 1218 1226 ,
1255 1175 1511 1221 Ottonem
1546 1172 1804 1221 considera
1828 1205 1841 1227 ,
1871 1173 2072 1237 Imperii

324 1241 506 1303 Caput.
607 1239 787 1299 Ingens
816 1235 930 1283 huie
960 1237 1012 1282 in
1040 1248 1218 1283 mento
1248 1235 1392 1290 filva,
1421 1251 1528 1299 quae
1562 1236 1901 1285 venerabilem
1933 1238 2074 1302 genis

319 1300 516 1366 aspersit
539 1300 791 1352 umbram,
812 1297 1013 1348 inferius
1034 1299 1297 1347 resonante
1318 1300 1463 1348 luco:
1502 1302 1551 1349 ὃς
1574 1299 1716 1361 quod
1736 1301 1941 1353 mirum,
1961 1314 2073 1348 non

324 1368 391 1414 ita
412 1367 463 1412 in
488 1363 680 1428 sceptro
705 1365 754 1411 ὃς
776 1377 1019 1425 purpura,
1045 1360 1199 1434 quam
1223 1364 1275 1409 in
1302 1362 1405 1409 hoc
1428 1377 1558 1410 cano
1589 1363 1772 1410 vellere
1801 1362 1887 1411 fibi
1912 1361 2074 1411 Caesar

323 1427 648 1492 complacuit,
661 1439 925 1487 nunquam
948 1439 1106 1487 magis
1128 1424 1287 1478 serius,
1303 1424 1458 1487 quam
1473 1425 1678 1487 quando
1703 1427 1946 1474 mulceret
1966 1426 2074 1473 bar-

326 1492 465 1544 bam,
487 1488 671 1552 illaque
696 1489 841 1536 omni
863 1487 1051 1534 annulo
1076 1486 1493 1540 firmius,decreta
1513 1485 1743 1537 stabiliret
1763 1492 1811 1538 ἃ
1826 1490 2075 1545 juramen-

327 1568 393 1602 ta.
493 1555 606 1602 Nec
628 1550 968 1600 Lacedaemon
996 1550 1075 1597 ille
1105 1549 1190 1598 libi
1217 1551 1456 1616 displicuit
1484 1553 1533 1599 in
1569 1568 1700 1601 cano
1730 1552 1964 1606 svrmate,
1984 1553 2088 1614 qui.
2157 1571 2159 1589 ι

328 1615 579 1680 quaefittts,
611 1631 699 1663 eur
728 1613 936 1662 barbam
956 1615 1269 1677 promitteret
1291 1647 1303 1667 ,
1335 1630 1425 1662 eor
1456 1615 1607 1676 usque
1629 1606 1879 1664 defluam?
1924 1630 2072 1679 repo-

327 1683 440 1729 suit:
478 1692 527 1724 uc
553 1695 675 1724 canos
703 1681 868 1723 intuens
896 1678 1084 1736 capillos,
1106 1677 1212 1722 nihil
1238 1679 1318 1723 illis
1335 1681 1600 1723 committam
1628 1680 1858 1737 indignum.
1926 1679 1983 1727 ld
2003 1678 2074 1727 fa·

327 1738 419 1792 cile
439 1742 666 1790 dabimus
680 1774 691 1794 ,
711 1736 937 1804 sylvestre
959 1752 1191 1788 mentum
1214 1739 1306 1788 effe
1325 1740 1626 1788 fortitudinis
1645 1740 1960 1795 svmbolum:
1997 1757 2076 1788 ca-

327 1808 502 1855 nitiem
530 1805 801 1872 prudentiae
824 1804 1084 1856 velamen,
1112 1803 1191 1852 sed
1211 1817 1381 1851 tamen
1409 1819 1516 1852 uon
1551 1796 1758 1852 unic‘um
1783 1807 1831 1853 ὃς
1863 1803 2075 1852 necessa-

329 1873 476 1918 rium.
545 1866 698 1916 Fuere
717 1867 1013 1915 Amazones
1041 1866 1140 1916 sine
1165 1867 1317 1915 barba
1340 1867 1519 1914 fortes:
1558 1867 1718 1931 ipsum
1742 1867 2073 1930 Apollinem,

330 1933 358 1982 a
380 1931 533 1981 Musis
557 1933 811 1989 Juvenem
833 1931 961 1984 coli,
983 1929 1052 1979 est
1073 1934 1122 1980 in
1142 1942 1426 1994 comperto.
1504 1931 1636 1979 Hine
1656 1931 1860 1978 Ducem
1880 1929 1942 1978 de
1962 1932 2074 1978 Do-

327 2008 421 2043 mo
441 1995 724 2044 Burbonica
743 1994 951 2057 legimus
987 1991 1008 2049 <
1027 1996 1287 2046 Heroum,
1307 1990 1415 2041 imo
1436 1990 1632 2041 Divum
1646 1992 1708 2041 de
1724 1994 1974 2057 Sanguine
1989 1995 2073 2043 Sa-

328 2072 444 2109 rum
466 2060 710 2111 nomino,
736 2055 856 2105 cum
877 2061 1096 2107 nomino
1119 2056 1499 2107 Burbonensem
1520 2054 1542 2112 >
1587 2058 1674 2118 qui
1692 2057 1916 2112 Seniori,
1932 2071 2074 2105 men-
2122 2110 2124 2113 ,
2151 2057 2155 2077 ²

328 2137 443 2173 tum
466 2122 748 2168 innocuum
767 2120 1101 2184 exprobranti,
1119 2121 1183 2170 fic
1206 2120 1471 2183 quondam
1486 2115 1765 2168 Laconice:
1798 2136 1877 2165 non
1903 2119 2073 2174 barbis,

321 2189 392 2246 sed
415 2182 574 2245 malibus
585 2195 815 2243 pugnatur,
860 2184 1060 2234 Eodem
1081 2183 1224 2249 stylo,
1247 2197 1395 2246 atque
1417 2179 1667 2231 novacula
1689 2181 1798 2230 rafit
1816 2183 2074 2231 cavillato-

327 2267 451 2301 rem,
470 2248 556 2311 qui
579 2245 762 2293 dicenti
782 2246 1089 2301 sententiam,
1103 2262 1343 2313 oggerere
1365 2245 1501 2295 ausus
1520 2243 1613 2294 est:
1649 2242 1911 2305 abstineret
1929 2244 1955 2295 a
1967 2246 2074 2303 jure

328 2312 581 2363 dicundo,
604 2309 727 2357 dum
749 2309 898 2357 barba
927 2312 1238 2361 recresceret:
1275 2326 1397 2359 nam
1422 2309 1505 2357 ille
1524 2309 1760 2358 breviter:
1806 2312 1962 2355 Amice
1990 2326 2075 2356 non
2148 2308 2151 2359 ῗ
2174 2328 2175 2347 ³

327 2376 487 2430 bat-hii,-
513 2375 585 2433 sed
603 2385 744 2422 mente
762 2373 988 2430 Judicium
1002 2374 1199 2434 fhrimws.
1262 2375 1501 2435 Denique
1520 2371 1638 2420 cum
1660 2373 1903 2422 chricus
1919 2405 1932 2427 ,
1962 2374 2072 2422 Rex
2148 2370 2150 2381 ²

329 2440 518 2494 Galliae,
531 2440 748 2502 Legatos
766 2437 992 2486 Venetos
1011 2441 1299 2491 remitteret,
1320 2437 1383 2485 ad
1403 2434 1759 2500 deponendam
1781 2434 1913 2501 prius
1933 2436 2072 2485 lanu-

324 2505 526 2567 ginem,
548 2502 756 2550 illorum
775 2499 947 2563 aliquis
969 2503 1097 2566 Regi
1124 2501 1197 2550 his'
1221 2500 1430 2549 barbam
1452 2498 1660 2547 vellere:
1688 2499 1726 2558 fi
1737 2497 1936 2560 promzffiz
1955 2496 2072 2556 facit
2145 2530 2149 2545 .

326 2569 566 2630 sapientem
592 2564 753 2624 barba,
773 2565 875 2632 quid
897 2562 1055 2630 obstat,
1082 2564 1299 2622 Barbam&
1315 2563 1454 2629 poffic,
1474 2563 1575 2632 quin
1605 2573 1728 2624 caper
1754 2561 2003 2681 effiglffg:
