2175 2911
288 2256 301 2267 ·
350 2223 435 2274 me
455 2228 707 2290 gentium:
746 2243 864 2275 nam
890 2228 1069 2290 quibus
1092 2227 1487 2277 melancholicus
1509 2229 1731 2278 abundat
1748 2229 1956 2286 humor,
1976 2244 2103 2281 tem-

413 119 506 166 130
1017 103 1197 166 Virgula
1216 105 1435 168 Morphei.

343 203 604 255 calidiores
624 203 886 255 ventriculi
906 202 1111 258 halitus,
1135 205 1186 252 in
1210 200 1359 254 Zona
1385 205 1575 255 cerebri
1605 203 1813 272 frigida,
1836 208 1982 257 nullo
2015 224 2100 259 nc-

344 271 490 332 gotio
515 265 952 332 constringuntur,
974 281 1028 317 ut
1048 267 1283 317 deorsum
1311 266 1484 319 denuo
1516 269 1658 327 trusi,
1689 272 1826 322 viam
1859 271 2102 337 spiritibus

344 332 695 382 intercludant.

505 396 702 446 LEUC:
770 396 1007 458 fatigatio
1039 395 1181 459 ssepe,
1219 393 1253 443 fi
1282 410 1392 443 non
1420 395 1611 460 semper
1639 429 1653 451 ,
1691 394 1760 445 est
1787 400 1997 462 genitrix
2031 399 2127 449 su·.

346 460 480 508 doris
505 492 517 513 ,
553 455 787 522 adeoque
809 461 858 508 δε
882 461 989 506 avia
1020 458 1239 506 iiccitatis
1266 492 1278 512 ,
1315 473 1470 520 quam
1495 459 1646 509 sudor
1672 462 1722 508 in
1752 462 1994 510 membris
2019 479 2100 526 ge-

344 536 486 571 nerat
511 541 521 570 :
560 522 694 571 unde
727 524 871 585 igitur
892 522 971 570 illa
1000 522 1220 586 suppetet
1244 522 1491 570 halituum
1504 525 1679 586 copia,
1703 538 1814 586 quat
1837 525 2103 574 obnubilet

346 586 636 640 cerebrum,
660 583 909 647 fessosque
934 587 1113 633 oculos
1143 586 1204 633 ad
1229 586 1391 634 somni
1413 588 1636 648 quietem
1658 587 1889 636 claudat?
1942 591 2099 635 MEL:

347 650 511 714 Quod
527 648 735 709 fatigatio
755 649 989 698 sudorem
1019 651 1222 713 corpori
1247 652 1512 714 exprimat,
1538 665 1696 698 nemo
1727 653 1999 714 negaverit,
2018 652 2104 701 nili

347 714 558 778 pulvillo
579 712 769 777 semper
798 711 967 760 affixus
994 713 1308 775 Endymion:
1347 712 1427 760 sed
1444 716 1492 762 ὃς
1516 713 1704 761 eodem
1723 715 1892 762 calore
1920 715 2108 781 humo3

347 792 422 825 res
438 810 451 830 ,
476 792 605 840 quos
628 779 678 824 in
700 776 940 824 membris
962 775 1077 823 hinc
1100 776 1217 823 inde
1245 776 1478 839 dispersos
1495 810 1507 830 ,
1531 773 1932 840 constristosque
1956 779 2108 842 frigo-

348 855 402 888 re
429 842 649 894 invenit,
683 840 860 892 solvit,
886 837 1162 901 liquefacit,
1188 842 1236 888 ἃ
1265 840 1488 887 alimenti
1523 836 1646 889 loco
1679 854 1921 904 evaporat
1941 841 2003 890 ad
2031 857 2108 890 ce-

347 904 570 952 rebrum.
641 903 829 964 Quod,
857 901 891 950 fi
926 901 1122 950 deficiat
1154 903 1403 958 ejusmodi
1435 902 1653 957 humor,
1675 903 1843 951 deficit
1877 905 2108 959 somnus,

348 966 580 1014 laborem
601 967 763 1030 vigilia
789 967 980 1029 excipit.
1050 965 1230 1014 Hincsi
1259 967 1446 1020 nimio,
1471 962 1738 1027 subitoque
1758 980 1909 1015 motu
1931 966 2111 1015 exhau-

347 1026 428 1076 stae
451 1028 544 1077 sint
571 1031 798 1093 corporis
821 1030 973 1080 vires,
1001 1027 1205 1075 somnus
1235 1029 1297 1075 ad
1330 1028 1482 1089 usque
1511 1028 1791 1088 deliquium
1821 1029 1989 1076 obeffe
2020 1046 2113 1094 po-

348 1089 463 1139 test:
500 1107 620 1139 nam
645 1091 765 1138 cum
789 1091 966 1137 caloris
985 1091 1212 1150 reliquias
1239 1090 1301 1136 ad
1323 1092 1515 1136 interna
1547 1089 1714 1137 cordis
1740 1093 2010 1153 penetralia
2039 1109 2111 1141 re-

346 1166 524 1205 vocet,
541 1154 704 1201 moles
728 1153 955 1214 corporis
979 1151 1238 1215 spirituum
1257 1153 1433 1215 vigore
1462 1148 1691 1202 destituta
1710 1151 1904 1210 deficit,
1929 1157 1978 1205 ὅ(
2004 1157 2110 1205 col-

345 1215 560 1264 labascit.

473 1278 669 1329 LEUC:
738 1279 800 1326 Et
814 1277 1049 1326 alimenta
1075 1292 1302 1341 quoque,
1322 1281 1400 1327 Te
1411 1279 1589 1337 Judice
1603 1312 1616 1334 ,
1636 1279 1878 1330 somnum
1897 1282 1976 1332 vel
1996 1297 2110 1332 mo-

344 1354 492 1395 vent,
514 1342 593 1392 vel
616 1353 946 1407 promovent.
1049 1343 1116 1391 Ut
1143 1341 1263 1403 quid
1295 1339 1417 1405 ergo
1440 1344 1634 1396 multis,
1656 1341 1905 1407 variisque
1934 1346 2107 1402 eduliis

344 1418 604 1469 gravatos,
627 1405 834 1453 somnus
858 1404 1010 1465 fugit,
1039 1416 1151 1452 utut
1184 1406 1314 1452 votis
1352 1406 1592 1455 omnibus
1613 1405 1879 1457 invitetur?
1945 1411 2103 1456 MEL:

349 1470 480 1532 Ignis
495 1466 766 1523 suffocatur
786 1467 942 1516 nimia
956 1467 1213 1530 lignorum
1236 1471 1500 1531 congeries
1538 1472 1585 1520 ὃς
1609 1471 1731 1533 quid
1750 1468 1804 1520 ni
1826 1472 1965 1521 calor
1981 1486 2109 1534 quo-

350 1546 450 1593 que
470 1534 691 1584 nativus,
719 1530 965 1579 alimento
995 1531 1158 1578 nimio
1184 1529 1454 1580 obruatur?
1489 1531 1606 1582 hinc
1633 1534 1774 1583 tarda
1799 1536 2101 1589 concostio,

348 1594 516 1642 tardus
540 1609 714 1659 vapor,
730 1595 816 1656 qui
837 1593 1076 1643 somnum
1100 1594 1350 1643 conciliat.
1420 1595 1675 1645 Ciborum
1696 1600 1905 1647 varietas
1922 1596 2108 1650 stoma-

348 1656 505 1705 chum
523 1659 575 1707 in
597 1656 772 1706 officio
797 1672 905 1705 non
927 1669 1032 1705 tam
1053 1657 1205 1714 juvat,
1220 1656 1374 1720 quam
1393 1660 1574 1707 variat:
1611 1658 1729 1707 hinc
1749 1661 1990 1711 erudiatio
2012 1662 2107 1711 fre-

348 1735 531 1781 quens,
553 1735 663 1783 quae
688 1736 871 1785 corpus
894 1719 995 1769 huc
1016 1721 1132 1769 illuc
1170 1720 1351 1773 versat,
1381 1723 1431 1771 ὃς
1455 1736 1692 1788 vapores,
1712 1738 1777 1772 ne
1803 1722 1990 1773 sursum
2013 1725 2109 1776 sese

349 1784 555 1837 tollant,
583 1783 609 1832 a
629 1786 707 1833 via
733 1784 917 1832 directa
936 1796 1144 1837 avocat,
1169 1783 1359 1848 dissipat
1400 1800 1478 1833 ue.

476 1848 674 1899 LEUC:
743 1848 869 1899 Utut
892 1863 998 1896 non
1024 1849 1257 1899 nimium,
1286 1864 1375 1896 mu
1397 1860 1506 1896 tum
1528 1859 1717 1903 tamen,
1739 1846 1849 1899 imo
1873 1851 1982 1915 plus
2005 1852 2104 1909 aliis

349 1911 706 1959 melancholici
726 1911 1030 1960 comedunt:
1048 1927 1135 1959 cur
1152 1911 1480 1960 nihilominus
1496 1911 1661 1960 minus
1682 1914 1782 1969 alijs
1806 1913 2102 1964 dormiunt?

350 1987 528 2022 contra
546 1974 821 2039 AEthiopes,
836 1989 966 2036 quos
991 1973 1341 2023 inclementius
1359 1975 1550 2023 allatrat
1572 1976 1764 2039 Syrius,
1794 1977 2051 2032 indolem,
2078 1978 2105 2028 a

347 2034 438 2084 suo
458 2038 672 2091 climate,
689 2055 784 2102 prae
807 2038 906 2095 alijs
925 2038 1054 2086 naffi
1076 2038 1186 2087 sunt
1211 2037 1480 2086 torridam:
1519 2054 1606 2087 cut
1623 2038 1953 2089 nihilominus
1973 2041 2104 2090 sorn-

349 2100 590 2147 nolentos
613 2101 721 2164 plus
747 2102 847 2157 aliis
872 2102 1033 2156 vides,
1055 2097 1298 2166 praecipue
1323 2102 1447 2150 dum
1478 2103 1573 2150 urit
1597 2099 1730 2151 aestas
1756 2104 1996 2153 calidior?
2031 2121 2104 2154 re-

350 2162 529 2211 fellunt
551 2160 652 2217 ista,
678 2179 785 2226 quae
811 2165 871 2212 de
892 2166 1080 2214 somno
1100 2161 1390 2219 stabiliebas,
1407 2167 1659 2231 principia.
1727 2169 1883 2214 MEL:
1952 2169 2104 2219 Mini-

352 2302 651 2353 peramento
687 2301 895 2339 utuntur
926 2291 1058 2341 fieeo
1082 2325 1096 2346 ,
1123 2291 1203 2340 sed
1231 2294 1280 2342 &
1313 2291 1457 2341 simul
1487 2293 1789 2357 perfrigido:
1826 2297 2104 2360 appetitum

355 2353 487 2401 acuit
505 2352 717 2405 ficcita83
753 2352 833 2400 sed
855 2356 904 2402 ὃς
925 2354 1076 2418 frigus
1100 2368 1203 2404 atra
1232 2355 1338 2404 bilis
1367 2356 1596 2404 intendit.
1698 2357 1838 2421 Qid
1866 2356 1989 2422 ergo
2011 2360 2104 2407 mi-

351 2431 494 2469 rum,
517 2414 660 2478 quod
687 2416 932 2464 alimento
961 2432 1070 2466 non
1102 2419 1441 2483 perfruantur,
1463 2416 1711 2483 quodque
1746 2421 1886 2470 calor
1919 2422 2098 2469 ventri-

351 2479 450 2527 culi
468 2479 942 2542 modicus,coquere
966 2480 1126 2530 somni
1151 2485 1379 2532 nutritios
1398 2499 1609 2548 vapores
1628 2486 1873 2547 nequeat?
1905 2482 2100 2532 AEthio-

349 2557 434 2605 pes
448 2575 463 2599 ,
481 2542 1031 2612 Aphrodisaeojudice,
1047 2558 1299 2601 torrentur
1320 2547 1490 2600 calore
1511 2559 1744 2604 externo,
1759 2548 1839 2618 vix
1860 2543 2095 2598 calefiunt

1793 2619 2020 2661 th1n03

2147 0 2157 55 ——u

2165 0 2175 47 .-ι-ι

2149 361 2175 560 ”“ἶῖ.ἶ.’.ἶ.“.”“.“
2150 340 2152 353 “
2148 172 2175 327 ῖ-Ϊ.“““
2147 57 2172 162 ”“’”““.”

2170 797 2175 826 κ,
2166 729 2175 765 Α
2162 538 2175 702 ψ-

2168 1107 2175 1116 ι
2173 1094 2175 1097 .
2167 986 2175 1082 ..Λᾈῠω
2171 921 2175 949 --
2169 884 2175 891 ι

2149 923 2157 1214 -κο--ο--ψ--ωῇ
2150 839 2156 917 ——ae—
2150 566 2156 833 -φ--ψ-ν--ῲ--μ
