2242 2911
1084 123 1358 172 Prooemium.

346 219 619 289 probarem
630 214 986 282 Philosophos,
1015 216 1102 280 qui
1133 233 1190 266 ex
1211 216 1447 283 panoplia
1475 216 1678 267 ascetica
1700 213 1997 267 mutuarum
2014 218 2131 273 tela,

351 281 514 333 utilius
537 280 827 329 debellaturi
858 279 1200 345 whilosophicae
1228 283 1343 330 vitia
1366 282 1474 331 vitae
1500 314 1512 335 ,
1549 280 1706 344 quam
1730 281 1982 330 destrinae.
2068 281 2127 330 Id

351 360 547 399 tamen,
568 343 642 391 his
671 358 780 391 non
813 359 847 392 o
888 340 1122 392 stantibus
1139 377 1151 396 ,
1181 341 1248 391 cst
1276 347 1327 392 in
1360 343 1588 392 confesso
1612 378 1625 398 ,
1662 342 1805 407 quod
1830 344 1864 392 si
1892 345 2129 393 novitatis

351 407 570 458 nimium
590 406 850 455 ambitiosa
872 406 1111 470 cupiditas
1124 409 1358 472 Peripato
1381 407 1635 456 calamum
1654 407 1907 461 subtrahit,
1922 408 2131 454 tandem

354 475 406 520 in
425 472 524 528 aliis
544 485 752 533 quoquc
777 469 999 526 scientiis,
1020 470 1240 518 cundem
1263 470 1522 535 suspendet
1541 469 1680 518 idem
1703 469 1942 518 moderni
1972 469 2130 519 iaeculi

354 535 534 584 fatum.
603 533 792 582 Adoro
815 549 912 596 ego
935 533 1231 597 multiplices
1261 534 1442 597 ingenii
1471 546 1661 597 partus,
1682 533 1862 595 quibus
1886 566 1898 587 ,
1929 549 2023 598 pro
2048 533 2132 580 sua

355 597 610 646 methodo
633 629 646 650 ,
682 596 891 660 vestigal
924 597 1167 645 Minervae
1203 596 1403 645 solvunt
1437 599 1486 646 <Se
1508 597 1610 644 alia:
1642 597 1942 645 Facultates:
1980 595 2030 643 id
2054 594 2130 643 so-

355 659 465 709 lum
487 655 724 712 sustineo,
748 658 810 706 iic
833 659 1164 708 novatoribus
1186 659 1321 708 suam
1346 659 1514 707 deberi
1534 660 1750 724 gloriam
1766 691 1778 711 ,
1806 657 1876 706 ob
1903 670 2133 707 recenter

355 726 575 776 inventa,
590 734 644 770 ut
663 724 712 771 ὃς
736 721 806 770 ob
829 723 1029 771 noviter
1058 723 1328 786 perpolita,
1352 722 1554 771 honore
1578 721 1750 771 debito
1770 737 1879 769 non
1901 717 2134 769 frustren-

356 798 436 834 tur
454 798 798 834 renovatores,
870 782 1047 839 Certe,
1067 785 1099 833 si
1121 786 1243 848 quid
1269 785 1360 834 hac
1380 788 1430 833 in
1457 801 1507 834 re
1530 786 1629 843 vitij
1647 819 1661 839 ‚
1685 785 1737 833 id
1771 800 1880 833 non
1906 797 2010 832 tam
2036 781 2134 832 esse

357 849 566 897 dixerim
588 848 918 913 Philosophiae
945 851 1130 913 egentis
1151 883 1163 903 ,
1201 847 1355 912 quam
1377 849 1571 898 delicati
1597 846 1814 897 nimium
1829 847 1956 912 genii
1973 880 1985 900 ,
2013 862 2134 895 cun-

356 912 433 960 &a
454 908 757 961 fastidientis.
826 912 985 969 Hujus
1010 914 1156 976 igitur
1178 912 1401 976 palatum
1420 928 1483 960 ne
1508 912 1702 977 penitus
1725 925 2133 974 corrumpamus,

359 990 416 1023 ea
439 973 613 1023 afferre
639 971 707 1022 est
729 977 924 1023 animus
944 1008 957 1028 ,
989 990 1097 1037 quae
1119 988 1230 1024 utut
1246 991 1384 1024 nova
1404 991 1514 1023 non
1535 974 1627 1023 sint
1642 1008 1654 1028 ,
1674 991 1785 1023 non
1806 987 1978 1022 tamen
1997 969 2133 1022 adeo

358 1038 621 1086 videantur
644 1040 859 1101 ingrata,
888 1051 942 1087 ut
975 1041 1124 1086 etiam
1148 1041 1347 1087 noviter
1368 1040 1574 1104 repetita
1599 1039 1898 1089 displiceant.
1985 1038 2132 1089 Scio,

357 1101 532 1150 horret
558 1102 723 1157 junior
744 1115 854 1150 aetas
875 1104 944 1148 ire
966 1118 1052 1165 per
1072 1101 1276 1150 salebras
1301 1119 1357 1150 ac
1385 1103 1615 1150 senticeta
1638 1090 1995 1171 Pliiloioiwliizr,
2025 1113 2136 1161 quae

360 1165 484 1213 dum
506 1166 766 1227 ingenium
790 1177 1002 1216 acuunt,
1028 1176 1274 1226 pungunt.
1365 1166 1615 1217 Genium,
1638 1167 1687 1212 ὃ(
1718 1178 1828 1211 non
1855 1179 1969 1210 raro
2002 1164 2137 1225 inge-

357 1230 502 1274 nium
523 1227 752 1289 superant
785 1226 1014 1273 sublimia
1044 1238 1247 1289 propter
1284 1225 1603 1274 subtilitatem
1630 1261 1643 1276 ,
1681 1222 1906 1275 abstrusa
1931 1237 2139 1289 propter

358 1289 775 1352 profunditatem,
800 1303 909 1351 quae
928 1287 1141 1351 pridem,
1155 1286 1351 1335 summa
1372 1288 1517 1336 laude
1532 1321 1545 1341 ,
1567 1288 1912 1337 enodaverant
1933 1288 2018 1342 illi,
2033 1289 2140 1350 qui-

358 1355 451 1402 bus
473 1351 656 1416 ingenii
683 1352 809 1398 acies
839 1365 932 1413 pro
957 1349 1231 1397 Alexandri
1262 1350 1430 1414 gladio
1453 1351 1562 1398 fuit.
1665 1350 1833 1399 Nobis
1864 1365 1920 1398 ea
1941 1351 2143 1415 praepla-

359 1417 463 1464 cuit
486 1415 671 1466 semita,
686 1428 793 1474 quae
808 1409 891 1460 sua
911 1412 1112 1475 planitie
1135 1409 1264 1461 adeo
1289 1429 1398 1461 non
1413 1409 1718 1467 absterreret,
1735 1426 1789 1462 ut
1813 1416 1963 1463 etiam
1979 1429 2142 1462 amoe-

360 1480 513 1526 nitate
537 1477 768 1525 alliceret.
840 1475 1104 1539 Eripienda
1131 1491 1319 1540 nempe
1341 1476 1631 1540 Tyronibus
1661 1489 1766 1525 tam
1796 1493 1949 1531 vana,
1982 1475 2140 1538 quam

359 1539 626 1606 pernitiosa
648 1538 909 1604 persuasio,
925 1554 1022 1600 qua
1036 1538 1412 1604 Philosophiam
1433 1539 1521 1588 sibi
1538 1539 1735 1604 fingunt
1756 1539 1978 1590 severam
2000 1540 2142 1588 fron-

360 1618 412 1652 te
428 1637 441 1658 ‚
465 1603 724 1667 supercilio
746 1602 990 1666 asperam,
1012 1601 1253 1659 jejunam,
1276 1598 1540 1678 macieque
1560 1602 1756 1668 penitus
1784 1603 2068 1658 exsuccam,
2086 1605 2141 1652 in

361 1664 615 1716 salebrofis
666 1665 836 1729 Lybiae
877 1665 1070 1713 desertis
1119 1665 1316 1714 exulem
1355 1669 1521 1730 potius
1540 1699 1553 1722 ,
1597 1664 1753 1729 quam
1793 1668 2134 1731 peregrinam:

362 1730 538 1780 sciant,
560 1728 625 1777 fic
650 1728 887 1791 equidem
910 1728 1001 1776 suis
1021 1728 1305 1777 redimitam
1333 1730 1501 1794 spinis,
1527 1742 1581 1778 ut
1600 1742 1771 1778 tamen
1792 1727 2139 1778 amoenissimis

363 1794 545 1856 pariter
569 1792 776 1840 floribus
794 1791 1039 1840 abundet:
1076 1790 1141 1839 sic
1160 1791 1520 1857 confragosum
1545 1790 1639 1841 effe
1657 1792 1867 1847 aditum,
1891 1806 1946 1842 ut
1965 1804 2139 1841 tamen

364 1859 419 1905 in
438 1853 675 1904 laetissima
707 1854 811 1903 hos
833 1857 958 1903 item
979 1856 1133 1904 vireta
1154 1854 1361 1904 tandem
1392 1855 1621 1905 deducat.
1722 1857 2047 1921 Qapropter
2074 1853 2140 1904 sic

364 1934 574 1967 mecum
595 1915 800 1971 statui,P
840 1916 1130 1981 ilosophum
1153 1913 1310 1967 nostri
1329 1920 1569 1983 temporis
1591 1931 1701 1968 tum
1726 1919 1937 1968 demum
1961 1919 2144 1967 utiliter

365 1983 521 2047 aptari
539 1980 887 2045 Philosophiae,
910 1980 945 2029 fi
963 1981 1031 2030 illi
1052 1982 1230 2045 pariter
1249 1981 1347 2046 ipsa
1364 1982 1790 2031 accommodetur
1802 1980 2140 2045 Philosophia,

366 2040 564 2106 suisque
583 2046 754 2108 genius
781 2044 1021 2093 inescetur
1040 2043 1274 2106 cupediis,
1298 2044 1517 2094 curiosus
1540 2044 1720 2094 scilicet
1739 2044 1958 2095 curiosis.
2007 2047 2137 2096 Non

209 2129 356 2178 Eucli-
370 2109 506 2156 enim
528 2106 862 2170 Philosophos
886 2108 1043 2169 tangit
1060 2106 1183 2155 illud
1197 2108 1495 2161 Graculum,
1515 2107 1624 2171 qubd
1643 2107 1728 2167 Dij
1747 2110 1913 2154 oderint
1928 2107 2132 2161 curiosos.-

204 2194 278 2239 des
368 2171 450 2221 sed
477 2169 757 2222 curiofitas,
785 2167 900 2217 alias
923 2171 1100 2219 vitium
1117 2202 1129 2224 ,
1155 2171 1207 2217 in
1228 2168 1548 2235 Philosophia
1576 2172 1764 2220 virtutis
1794 2168 2004 2219 nomine
2027 2167 2136 2231 glo-

231 2236 234 2239 ’
281 2227 294 2243 ’
367 2237 534 2284 riatur.
605 2234 665 2282 Et
686 2234 801 2295 quia
825 2232 887 2281 ad
911 2232 1132 2281 eruditos
1153 2231 1384 2282 discursus
1401 2245 1481 2282 tot
1501 2233 1791 2306 ambagibus
1811 2232 1960 2280 currit
1979 2231 2139 2294 polita

367 2293 523 2348 nostri
548 2296 704 2344 saeculi
728 2308 863 2348 aetas,
886 2294 1026 2349 sciat,
1051 2311 1161 2344 non
1182 2294 1269 2344 nifi
1301 2298 1352 2344 in
1377 2296 1697 2362 Philosophia
1716 2293 2138 2358 compendiosam

366 2355 535 2425 patere
556 2359 807 2407 semitam:
844 2358 1093 2423 hospitem
1115 2361 1167 2407 in
1190 2360 1420 2424 Peripato
1441 2360 1602 2417 judica
1615 2393 1628 2413 ‚
1647 2357 1682 2407 {i
1702 2371 1858 2470 (ὲιιεῐη
1878 2356 2032 2410 vides,
2045 2357 2131 2418 qui

370 2423 592 2472 eruditos
615 2423 767 2475 inter,
791 2421 945 2470 hianti
968 2438 1075 2475 ore,
1099 2421 1333 2474 balbutit,
1358 2423 1437 2472 vel
1456 2419 1637 2487 stupet:
1674 2421 1710 2470 P
1750 2418 2005 2484 ilosophus
2021 2434 2133 2468 non

369 2482 456 2538 est,
469 2500 624 2547 quem
642 2487 694 2534 in
715 2484 818 2534 hoe
837 2485 1018 2533 mundi
1040 2484 1237 2534 theatro
1263 2485 1412 2535 verba
1434 2484 1686 2535 deficiunt.
1754 2483 1930 2546 Atque
1945 2495 2000 2532 ut
2021 2481 2128 2530 dul-

368 2548 728 2606 cimisceamus
750 2550 900 2605 ctiam
925 2549 1068 2610 utile,
1095 2548 1148 2605 id
1169 2550 1343 2607 animo
1373 2561 1556 2612 ratum,
1579 2544 1838 2613 fixumque
1853 2578 1867 2607 ‚
1890 2545 1955 2597 fic
1975 2545 2134 2595 infor-

1928 2622 2068 2663 [nale
