2175 2911
85 1244 267 1291 L.10.c.

83 1319 163 1353 21.

87 1369 287 1416 AElianus

83 1432 115 1480 l.
127 1446 143 1477 1
155 1467 166 1480 .
180 1444 299 1477 c.22.

87 1528 262 1573 Pierius

82 1590 118 1637 l.
134 1589 182 1637 6.

89 1951 307 2002 Hiemit.

388 97 480 132 122
937 83 1176 133 Academia
1204 85 1438 132 Brutorum

325 171 681 226 construxiffet.
758 171 966 234 Muficam
986 174 1021 226 fi
1042 175 1282 227 desideras
1297 210 1311 231 ‚
1332 177 1531 228 Alauda
1541 177 1709 229 vincet
1721 174 2060 244 Amphiona&

326 238 1053 304 OrpheosMerula‚utramque
1073 240 1314 306 superabit
1326 240 1725 306 Luscinia,quam
1737 240 1921 292 merito
1935 242 2066 292 dicas

277 345 289 357 ,
328 306 463 349 totius
486 303 733 350 harmonicae
764 303 1058 350 modulationis
1086 307 1319 364 epitomen:
1352 306 1456 354 avis
1480 305 1606 355 olim
1630 305 1700 354 ob
1724 317 1930 354 cantum
1956 317 2062 355 tam

253 411 264 421 ,
328 366 540 431 pretiosa
553 367 878 432 Romanis,ut
889 363 1147 417 servorum
1166 368 1229 413 illi
1243 369 1389 428 pretia
1397 364 1643 425 fuet-ina&
1659 370 1827 432 quidem
1840 369 2063 429 ampliora,

241 473 252 484 ,
285 472 296 483 ,
329 428 618 493 quclmquibus
639 432 843 490 armigeri
853 429 1133 491 parabantur.
1172 430 1281 480 Alit
1293 431 1673 492 quoq3Peruvia
1694 431 2065 484 volucrem‚co-

270 536 280 547 ,
329 493 439 542 lore
459 495 687 546 cinereo,
708 494 999 558 clangorem
1018 494 1252 543 tubarum
1274 493 1469 543 tantillo
1487 490 1652 543 rostro
1675 490 1790 544 scite
1808 492 1938 543 adeo
1958 495 2069 542 imi-

331 568 522 604 tantem
537 589 549 609 ,
573 568 627 606 ut
651 554 678 606 a
701 557 919 606 tubicine
943 573 1055 606 eam
1081 573 1188 605 non
1215 572 1379 608 aures,
1400 556 1480 605 sed
1503 556 1591 606 soli
1619 557 1756 607 oculi
1773 556 2065 605 discernant.

330 619 519 668 Eadem
540 618 734 684 prorsus
752 622 951 669 innoxia
964 655 978 673 ,
997 617 1143 669 instar
1161 616 1399 684 Pyraustae
1418 622 1469 668 in
1488 619 1705 670 flammis
1722 619 1953 673 versatur,
1974 634 2070 668 nec

329 681 431 731 fine
454 683 778 747 spectantium
799 684 1153 736 admiratione,
1176 700 1284 733 non
1307 683 1451 732 semel
1481 683 1574 732 visa
1597 680 1689 738 cst,
1716 698 1896 747 prunas
1923 678 2068 731 avide

251 789 264 800 ,
330 745 588 795 devorare.
657 747 755 796 Sed
771 763 876 796 non
895 745 1094 812 possum
1117 763 1224 796 non
1248 745 1523 795 meminisse
1542 746 1666 795 illins
1679 745 1900 800 Musicae,
1915 760 2069 808 quam

284 852 296 864 ,
328 811 546 873 Magnus
567 811 808 859 Hetruriae
836 811 951 859 Dux
973 825 1161 872 magno
1184 810 1309 860 olim
1329 809 1578 858 Kirchero
1606 809 1841 859 exhibuit.
1941 807 2071 856 Pho-

327 873 455 921 nasci
476 886 614 921 crant
633 872 881 927 Psittacus,
897 876 944 923 ὅ(
968 871 1233 926 Molossus,
1252 871 1392 923 &hic
1412 872 1618 934 quidem
1632 872 1776 921 chori
1788 870 2068 936 praefcstus:

328 938 415 999 qui
435 936 518 983 ubi
550 933 731 985 sonore
760 936 1179 999 clavicymbalum
1202 937 1408 987 curavit,
1425 935 1682 988 Plittacus,
1708 935 1925 983 admotis
1949 948 2074 981 mox

327 999 527 1056 auribus
541 1032 553 1052 ‚
575 998 708 1060 quasi
737 1011 922 1045 tonum
939 997 1055 1043 inde
1075 994 1330 1044 hausturus
1342 996 1595 1057 plittaeare
1609 1029 1621 1048 ‚
1637 999 1785 1049 canis,
1804 998 2001 1044 intentis
2021 998 2072 1043 in

325 1061 595 1112 Pfittacum
609 1060 767 1107 oculis
783 1091 795 1111 ,
817 1060 989 1105 latrare
1004 1091 1016 1111 ‚
1037 1073 1092 1104 ae
1115 1058 1317 1107 ululare,
1340 1055 1607 1105 harmonia
1624 1056 1828 1106 ridicula
1848 1058 2072 1119 quidem,

327 1124 411 1174 sed
439 1123 581 1171 simul
606 1124 670 1168 ita
693 1120 934 1172 mirabili,
958 1133 1013 1167 ut
1039 1119 1236 1166 tantum
1255 1135 1363 1167 non
1385 1122 1433 1167 in
1463 1118 1644 1167 extasm
1673 1132 1922 1185 raperetur
1946 1120 2074 1185 ipse,

329 1187 364 1235 fi
384 1183 636 1236 adfuisset,
662 1183 842 1231 Arion.
943 1182 1043 1230 Sed
1073 1196 1239 1244 neque
1256 1181 1500 1241 Astrologia
1527 1184 1803 1232 animantes
1830 1179 2071 1232 destituit:

332 1248 509 1298 Gallos
541 1244 827 1299 considera,
855 1259 986 1308 quos
1014 1243 1160 1293 nobis
1192 1245 1472 1295 nocturnos
1501 1247 1694 1296 Natura
1720 1247 1888 1310 vigiles
1909 1246 2071 1294 dedit:

331 1311 503 1361 Sidera
531 1307 747 1362 norunt,
770 1307 804 1357 fi
828 1310 990 1358 Plinio
1016 1307 1163 1362 fides,
1184 1306 1438 1371 horasque
1465 1309 1702 1364 interdiu,
1725 1312 1775 1360 &
1794 1309 1974 1359 Phoebi
2000 1324 2071 1357 re-

333 1375 495 1424 ditum
519 1374 771 1421 matutino
799 1386 948 1420 cantu
975 1371 1294 1419 denunciant.
1397 1371 1509 1436 Ipsae
1522 1373 1763 1421 Formicae
1786 1372 1905 1437 saepe
1926 1368 2076 1422 Astra
2145 1402 2148 1404 >

330 1438 616 1502 suspiciunt,
637 1447 843 1490 ventos,
866 1438 913 1484 ὅ(
938 1434 1123 1483 imbres
1149 1433 1474 1498 praesentiunt.
1507 1435 1896 1501 Cynocephalus
1923 1432 2076 1490 certe,

332 1501 457 1549 dum
480 1501 608 1548 circa
630 1497 1010 1561 AEquinoffium
1037 1513 1122 1562 per
1143 1499 1399 1547 intervalla
1428 1497 1623 1547 horaria
1656 1501 1709 1548 in
1742 1499 1952 1548 ululatus
1977 1514 2080 1547 ma-

332 1578 459 1611 onos
491 1573 775 1626 erumperet
798 1593 812 1614 ,
844 1557 1169 1625 Trismegisto
1197 1560 1361 1610 finon
1392 1558 1640 1625 Magister,
1663 1562 1873 1612 Author
1902 1562 2076 1611 saltem

329 1602 451 1676 ῗυὶτ,
468 1637 521 1673 ut
548 1624 683 1673 diem
705 1625 757 1671 in
785 1637 855 1672 12.
877 1623 1026 1673 horas
1050 1625 1317 1678 divideret,
1339 1628 1387 1675 ὃς
1409 1624 1689 1689 horologiis
1709 1625 1848 1674 subin
1872 1624 2077 1673 sciateri-

329 1692 399 1738 cis
422 1685 696 1737 illustraret.
741 1687 970 1736 Formica
988 1687 1264 1736 Interlunio
1289 1687 1521 1752 quiescit,
1553 1688 1836 1737 Plenilunio
1865 1690 1917 1736 in
1947 1703 2078 1751 opus

329 1751 604 1804 incumbit,
628 1750 690 1798 ab
711 1750 811 1805 ejus
833 1750 1201 1807 conjunctionis
1222 1752 1317 1805 die,
1337 1767 1446 1799 non
1467 1753 1561 1799 exit
1587 1747 1614 1800 ὲ
1631 1750 1842 1800 latebris.
1912 1750 2078 1804 Aries,

332 1813 388 1865 ht
413 1813 621 1864 Author
647 1809 716 1861 est
733 1812 980 1867 AElianns,
1004 1830 1090 1879 per
1106 1814 1182 1862 sex
1195 1814 1449 1878 hybernos
1478 1814 1668 1862 menses
1693 1817 1743 1862 in
1784 1814 2078 1862 laevolatere

332 1880 462 1943 capit
485 1880 735 1940 quietem,
769 1876 945 1925 dextro
979 1890 1149 1926 autem
1179 1878 1425 1926 incumbit
1449 1879 1502 1925 in
1533 1876 1860 1940 AEquinostio
1894 1892 2073 1926 verno.

332 1942 636 2005 Scorpiones
655 1939 827 1988 furunt
839 1937 983 1988 Luna
996 1937 1226 1989 existente
1238 1944 1288 1989 in
1300 1942 1530 2005 Scorpio,
1545 1941 1663 1990 Sole
1678 1941 1864 1988 Leonis
1878 1938 2074 2004 lignum

331 2016 620 2068 permeante
651 2003 776 2052 febri
804 2005 1137 2067 corripiuntur
1149 2005 1364 2054 Leones.
1442 2005 1681 2065 Chymicam
1711 2000 1901 2053 norunt
1930 2018 2074 2067 apes,

334 2065 566 2128 hancque
600 2068 649 2114 in
681 2064 863 2115 mellea
894 2066 1083 2115 florum
1111 2066 1517 2132 Metamorphofi
1546 2081 1652 2115 tam
1682 2066 1889 2119 utiliter,
1918 2065 2072 2128 quam

336 2126 573 2180 indefesse
595 2142 838 2178 exercent.
952 2133 1110 2177 Artem
1131 2133 1333 2177 medicam
1354 2146 1562 2194 quoque
1581 2130 1681 2180 fine
1704 2130 1956 2194 Apollinis
1975 2143 2072 2192 ope

337 2191 615 2242 didicerunt
634 2194 958 2246 Hirundines,
979 2208 1088 2256 quae
1102 2192 1415 2246 chelidonia,
1439 2194 1726 2247 Cardueles,
1750 2208 1857 2255 quae
1872 2191 2075 2254 euphra-

335 2253 434 2307 ίὶᾶῡ
503 2257 677 2316 viperae
701 2288 712 2307 ‚
768 2271 875 2318 quae
907 2255 1156 2306 foeniculo
1185 2259 1366 2307 oeulos
1393 2258 1575 2306 sanant.
1708 2257 1879 2306 Sciunt
1906 2253 2068 2302 Perdi-

336 2333 447 2370 ces,
470 2318 520 2366 &
541 2318 773 2370 Merulae,
793 2334 900 2381 quae
925 2321 1048 2368 lauri
1065 2319 1222 2373 folio,
1254 2322 1516 2370 Dracones
1541 2354 1554 2374 ‚
1581 2322 1667 2383 qui
1694 2319 1889 2368 lactucae
1922 2315 2070 2365 succo

336 2395 563 2430 annuum
585 2376 832 2427 fastidium
853 2396 1076 2446 purgant.
1146 2384 1343 2433 Callent
1362 2385 1623 2447 Cervi‚qui
1640 2377 1805 2446 sagitta
1827 2379 2068 2429 vulnerati

335 2444 596 2493 dictamno
612 2475 624 2495 ,
648 2442 675 2491 a
702 2440 970 2508 Phalangio
1000 2444 1093 2494 lael'i
1113 2463 1415 2497 cancrorum
1440 2448 1546 2499 esu,
1571 2448 1708 2495 corvi
1730 2443 1814 2504 qui
1834 2439 1859 2489 a
1889 2442 2072 2489 Came-

337 2507 508 2559 leonte
522 2506 690 2557 infecti
703 2504 866 2559 lauros
885 2508 1197 2574 Elephantes,
1214 2512 1301 2573 qui
1319 2507 1570 2563 Oleastro5
1585 2507 1823 2561 Ciconiae,
1847 2518 1954 2566 qua·
1978 2508 2074 2556 ori—

1871 2582 2008 2631 gano
