2175 2911
720 131 901 193 Oediptts
918 132 1129 194 Phyficm.
1640 154 1740 199 209

47 226 224 278 hibent
245 223 447 290 strages,
467 221 497 272 ὲ
513 221 680 272 Terrae
701 221 928 272 motibus
946 223 1113 272 Terrae
1140 223 1312 274 illatas.
1379 223 1536 276 Nunc
1559 226 1695 276 enim
1717 227 1802 278 de-

46 291 211 347 hiscit,
239 304 376 339 nunc
408 285 635 340 subsidit,
659 287 712 335 <Sc
748 287 962 349 integras
993 299 1141 335 vorat
1170 288 1354 340 Urbes:
1400 287 1465 337 fic
1493 305 1630 339 anno
1658 304 1796 351 1509.
1828 279 2015 330 Rl2⁰d⁶³2

48 355 293 403 tredecim
319 351 595 400 hominum
634 348 789 398 millia
820 349 1066 407 ejusmodi
1098 351 1209 400 casu
1239 351 1423 416 sepulta
1450 370 1460 400 :
1507 352 1571 401 fic
1616 355 1804 405 eodem
1872 346 2003 391 Ann‘)

45 417 227 467 saeculo
251 411 549 478 Olyffipone
567 412 731 467 mille,
751 416 804 464 δε
822 416 1094 476 quingenta
1120 413 1326 463 aedificia
1359 415 1583 465 funditus
1608 419 1799 468 eversa:
1867 420 1921 466 15
1933 420 2007 465 31·

44 479 110 530 fic
128 494 266 528 anno
292 488 429 536 1570.
451 477 662 525 Ferraria
684 476 789 525 fere
816 488 924 525 tota
942 479 1158 525 corruit:
1194 477 1304 527 imo
1332 491 1447 527 ante
1466 480 1806 545 Principatum

41 542 228 598 Tiberii
245 540 521 590 duodecim
533 539 690 590 Urbes
702 539 998 590 AfiaeTcrrae
1009 552 1159 589 motu
1172 539 1236 589 sic
1247 543 1503 591 tumulatae
1514 575 1528 597 ,
1552 555 1605 592 ut
1625 559 1688 592 ne
1740 547 1809 594 ui-

42 605 164 655 dem
175 602 438 670 vestigium
449 602 517 652 sui
538 603 841 667 reliquerint.
864 601 992 653 Illud
1009 607 1267 669 optimum
1285 605 1422 655 inihis
1437 606 1704 670 malis,quo
1754 606 1810 657 fi-

43 684 143 734 gna
163 670 466 733 praemittant
483 682 594 717 non
614 664 731 717 raro
752 667 1050 732 prodroma,
1064 667 1245 730 quibus
1259 669 1672 723 admoniti,malo
1688 686 1808 735 prae-

44 733 217 783 venire
239 729 525 798 possumUS,
545 741 820 792 antequam
846 733 1225 795 praeveniamur.
1292 731 1344 780 Si
1362 731 1609 797 sulphurei
1629 733 1811 783 halitus

48 798 219 845 aerem
252 795 484 848 turbent,
510 794 590 842 vel
618 794 841 842 inficiant
862 794 1053 843 foetore
1083 809 1295 858 aquam:
1331 793 1366 842 fi
1385 796 1580 844 insolita
1604 798 1811 846 animal-

44 859 157 908 cula
191 858 469 923 prodeant,
497 854 794 919 fugiantque
826 859 1023 905 interna
1050 860 1221 907 Terrae
1248 858 1598 906 tumultuantis
1627 860 1808 923 jurgia:

46 921 82 970 fi
107 922 254 969 undae
282 920 458 983 sponte
487 918 757 973 ebulliant,
776 920 863 968 vel
890 919 1156 969 audiantur
1190 916 1406 968 intestini
1433 921 1703 975 tumultus,
1723 921 1813 970 fibi

44 986 258 1033 timeant
274 984 547 1045 Regiones,
567 983 834 1044 praesertim
855 984 1123 1037 montosae,
1145 986 1195 1032 ὅ(
1215 983 1428 1032 occultis
1451 982 1621 1033 obfitae
1645 999 1817 1034 caver-

45 1049 121 1097 nis
135 1079 149 1101 ,
173 1058 258 1095 aut
275 1047 426 1093 etiam
447 1049 710 1107 propiores
732 1046 976 1093 Oceano:
1002 1061 1122 1093 nam
1140 1047 1398 1109 proximus
1422 1046 1502 1094 vel
1524 1047 1624 1103 jam
1648 1059 1809 1104 nutat,

46 1111 128 1161 vel
152 1111 253 1168 jam
272 1107 410 1157 ardet
433 1108 710 1171 Ucalegon.
810 1107 912 1156 Sed
945 1108 1196 1172 fugiamus
1227 1107 1332 1156 haec
1354 1109 1628 1174 periculosa
1649 1111 1812 1162 confi-

3 1180 9 1225 ’μ
48 1175 153 1229 nia,
175 1188 238 1221 ne
258 1186 378 1220 cum
397 1171 561 1219 Plinio
581 1172 799 1224 seniore,
820 1170 1089 1220 scrutantes
1111 1171 1313 1228 Vesuvii
1333 1174 1603 1236 penetralia
1617 1206 1630 1227 ,
1651 1176 1812 1224 erudi·

3 1229 11 1306 l
47 1249 110 1285 tae
143 1233 434 1285 curiositatis
468 1248 647 1297 poenas
678 1233 886 1289 demus,
914 1229 1237 1298 flammisque
1268 1237 1645 1303 erumpentibus
1672 1238 1811 1289 absu-

5 1307 12 1360 ᾗ
48 1314 270 1350 mamur.

176 1360 376 1412 LEUC:
445 1354 678 1408 Monstra
696 1358 946 1423 fugimus,
971 1362 1022 1411 &
1050 1359 1295 1424 fugiendo
1322 1364 1375 1411 in
1394 1359 1621 1413 monstra
1642 1364 1814 1418 incidi-

9 1453 14 1475 ›J
48 1440 179 1477 mus.
247 1425 345 1475 En!
382 1422 528 1486 quod
552 1421 641 1470 tibi
661 1425 875 1488 aenigma
890 1423 1079 1488 Sphinx
1107 1424 1477 1491 Philosophica.

271 1522 460 1581 Oedipe!
485 1518 586 1578 sunt
613 1522 802 1579 gemini,
825 1518 979 1584 quibus
1002 1518 1057 1573 est
1084 1522 1304 1568 contraria
1314 1520 1484 1583 prorsus
1985 1538 2005 1564 ,r

368 1585 580 1635 Natura,
605 1581 828 1637 humores,
849 1582 1099 1648 Ingeniique
1115 1586 1242 1645 vigor
1256 1603 1269 1630 .-

272 1647 508 1712 Diffimiles
523 1647 684 1707 genijs‚
697 1646 959 1707 studijssunc
976 1659 1106 1712 atque
1132 1649 1334 1695 talentis:

370 1710 530 1773 Dispar
555 1727 671 1764 vox,
686 1710 848 1771 gestus,
875 1712 1066 1763 lumina,
1081 1708 1252 1770 fbrma,
1277 1711 1410 1763 color.

272 1777 413 1826 Unius
431 1775 634 1837 aspeeius,
665 1774 884 1838 moresque
902 1775 1015 1822 haud
1030 1774 1206 1834 sustinet
1230 1775 1368 1822 alter:

371 1839 570 1898 Jungere
579 1838 617 1898 fi
637 1842 802 1899 cupitos,
823 1833 893 1886 hic
905 1835 1050 1898 fugit,
1073 1841 1142 1885 ille
1156 1835 1304 1898 fugat.

280 1900 479 1961 Diversis
495 1903 685 1963 gaudent
702 1902 853 1964 J‘bcijs‚
872 1905 1090 1949 contraria
1108 1905 1261 1949 nutrix

371 1967 580 2030 Utrisque
595 2001 608 2018 ‚
632 1962 805 2024 affeffm
830 1966 1093 2027 Antipathia
1119 1967 1248 2024 regit.

280 2027 444 2078 Verbo.-
479 2033 561 2076 vix
578 2031 807 2092 quidquam
827 2041 919 2077 toto
937 2029 1056 2088 mage
1073 2029 1206 2090 dispar
1223 2030 1266 2076 in
1289 2026 1401 2078 Orbe
1418 2061 1437 2085 ‚

4 2146 5 2149 Ἰ
377 2095 549 2138 Horum
566 2091 752 2139 Nature}
778 2106 828 2140 tu
844 2095 1048 2139 variante
1068 2103 1193 2153 putes
1207 2111 1222 2138 :

10 2109 27 2220 ll
281 2157 343 2205 Et
364 2167 508 2202 tamen
538 2155 645 2202 hanc
667 2158 885 2215 geminam
910 2157 1064 2203 Mater
1082 2159 1207 2217 parit
1235 2157 1361 2204 unica
1375 2157 1563 2219 prolem,

346 2220 409 2267 Et
421 2220 564 2279 proles
578 2219 745 2280 prolem
761 2221 906 2279 gignit
924 2220 982 2268 Θ
1001 2218 1086 2280 ipsa
1096 2231 1264 2281 parem.

13 2297 28 2361 'fi‘
62 2305 302 2363 Profefi’m
335 2307 369 2358 fi
396 2310 667 2373 aenigmatis
698 2310 850 2359 virtus
872 2307 1166 2364 obscuritas,
1188 2326 1297 2361 non
1320 2307 1416 2367 est,
1439 2328 1529 2363 cur
1540 2312 1813 2379 Sphingem

17 2370 34 2433 ἶ
62 2378 328 2438 vituperes.
375 2372 433 2422 ld
449 2370 666 2436 ingenue
684 2373 863 2429 fateor,
885 2372 1028 2436 quod
1050 2372 1084 2421 fi
1108 2388 1195 2423 me
1206 2375 1453 2426 Veterum
1476 2378 1708 2426 convivia
1725 2374 1820 2424 ho·

25 2438 32 2492 23
65 2440 242 2504 spitem
264 2436 446 2486 habere
474 2437 684 2491 vellent,
705 2439 756 2487 &
775 2437 1055 2502 Oedipum,
1070 2436 1168 2487 salfi
1188 2441 1359 2503 poculi
1380 2438 1556 2489 haustu
1576 2442 1811 2503 ignoran-

27 2499 34 2544 ·':
63 2507 187 2553 tiam
210 2501 450 2551 deberem
478 2501 642 2554 luere,
663 2511 813 2562 atque
844 2501 1026 2549 eluere.
1111 2504 1267 2550 MEL:
1352 2506 1736 2556 Democritum,
1756 2504 1811 2554 ὅς

29 2597 36 2625 ,4
65 2566 379 2618 Heraclitum
400 2565 711 2632 repraesentat
729 2565 833 2616 hoc
851 2563 1224 2628 enypon,ve1fi
1239 2569 1397 2620 mavis
1410 2566 1556 2626 Risum
1569 2566 1813 2618 &fletum

911 2629 952 2679 Ε
974 2642 1003 2679 e
1567 2629 1754 2683 Utrius-

14 2223 31 2244 ,ι
