2175 2911
397 141 455 193 38
1003 137 1246 199 Diphthera
1275 132 1429 197 3022&ss

1056 250 1150 297 Abi
1168 251 1354 297 Viator!

1009 315 1174 360 Fatalis
1193 315 1305 360 locus
1326 311 1398 367 est,

864 373 952 424 Ubi
968 372 1173 436 fatidicus
1203 375 1387 435 conceffit
1403 376 1538 423 Fatis.

840 443 982 486 Homo
1001 438 1119 498 fuit,
1139 457 1235 485 nam
1249 438 1344 497 fuit
1371 441 1565 491 mendax,

679 506 796 552 Utut
813 519 892 550 non
911 503 985 562 nzfi
993 503 1122 561 semel
1146 502 1288 561 fluet-it
1311 506 1355 547 in
1377 505 1474 548 vita
1494 503 1714 552 mentitus.

1055 571 1151 613 Hoc
1170 569 1342 619 mirum,

589 631 709 690 Qod
727 633 772 677 in
793 643 929 677 morte
953 633 1082 677 etiam
1094 629 1234 689 fuerit
1258 645 1350 675 cum
1370 631 1562 675 veritate
1581 628 1785 674 mentitus
1798 646 1822 690 ,ᾗ

645 696 771 742 lVam
793 696 971 740 mendax
996 692 1167 752 effatum
1182 729 1195 744 ,
1217 709 1368 739 verum
1390 693 1573 739 reddidit
1597 694 1770 744 Fatum,

775 758 974 804 Alterius
1000 760 1133 808 Fato,
1160 758 1267 820 quod
1293 757 1401 801 male*
1417 756 1634 816 praedixit,

994 825 1107 867 Bene
1128 824 1395 866 immortuus.

1072 884 1303 944 Sepelitor:

868 949 970 993 Nec
983 946 1042 1003 fit
1064 949 1129 992 illi
1140 947 1234 1003 jam
1261 959 1381 992 terra
1401 945 1524 997 levis,

765 1012 851 1068 Qi
872 1012 1000 1053 toties
1025 1010 1122 1066 alijs
1131 1008 1336 1062 fizeverat
1356 1006 1429 1064 effe
1451 1010 1618 1064 gravis.

449 1111 647 1164 LEUC:
714 1106 850 1158 Salse
874 1108 1111 1172 equidem
1141 1109 1300 1157 insulsi
1330 1109 1474 1165 hujus
1505 1108 1683 1158 condis
1716 1111 1952 1167 cadaver,
1973 1128 2076 1163 cre«

324 1177 538 1227 diderim
559 1172 873 1237 opobalsami
894 1169 1035 1226 loco,
1059 1187 1123 1220 ne
1144 1171 1411 1236 putrescat:
1457 1173 1668 1221 naulum
1691 1171 1825 1223 certe
1861 1191 1969 1225 non
1997 1191 2080 1240 pc-

320 1253 392 1288 tet
416 1234 691 1289 Charon,s1
708 1232 811 1284 hoc
834 1234 1193 1300 Chirographo
1218 1237 1457 1290 munitus,
1478 1237 1691 1301 appellet
1708 1238 1931 1302 Stygem.
1975 1239 2076 1288 Sed

321 1302 447 1365 quid
467 1316 587 1350 cum
609 1301 730 1348 Fato
746 1295 1026 1362 Astrologi,
1048 1299 1169 1362 quid
1192 1314 1310 1347 cum
1335 1296 1620 1363 Astrologis
1643 1302 1848 1350 Fatum?
1912 1304 2071 1349 MEL:

318 1365 534 1416 ArCtam
553 1361 741 1411 habent
767 1361 1086 1411 affinitatem:
1123 1378 1243 1410 narn
1259 1359 1286 1410 ὲ
1305 1362 1561 1411 D0&rinae
1581 1360 1915 1429 Astrologicae
1932 1366 2080 1429 placi-

316 1431 379 1477 tis
393 1461 407 1482 ‚
428 1429 605 1476 Fatum
625 1441 735 1475 non
759 1424 925 1475 modo
947 1425 1071 1479 fluit,
1089 1425 1173 1473 sed
1190 1423 1460 1476 necessario
1484 1426 1724 1489 sequitur:
1761 1429 2010 1478 Patronos
2030 1427 2078 1477 se

317 1491 556 1556 probant,
578 1492 628 1540 δε
648 1488 879 1553 quamvis
898 1490 1052 1540 videri
1075 1489 1288 1542 nollent,
1311 1490 1543 1539 videntur
1566 1503 1737 1539 tamen
1759 1491 1823 1539 ad
1843 1492 2073 1546 oculum,

317 1551 429 1605 ime>
453 1566 663 1616 utraque
694 1569 851 1602 manu
877 1553 1154 1618 palpantur.
1253 1552 1376 1602 Edic
1398 1555 1559 1608 enim,
1581 1555 1662 1603 vel
1681 1570 1800 1603 cum
1825 1554 2071 1604 Gentibus

317 1616 565 1667 insaniunt
583 1616 790 1670 stolidi,
810 1617 933 1665 dum
953 1620 1107 1665 vitam
1126 1615 1377 1665 Sideribus
1401 1616 1642 1670 tribuunt,
1665 1617 1877 1666 fanatica
1897 1618 2070 1666 colen-

316 1681 389 1729 do
410 1682 664 1733 Numina,
686 1696 790 1728 aras
815 1680 1056 1744 erigendo
1086 1679 1370 1735 Menai-ijs,
1391 1679 1503 1728 thus
1533 1680 1792 1728 adolendo
1821 1681 2069 1728 Saturnis?
2153 1669 2165 1735 §l

315 1748 368 1795 ὃς
395 1756 544 1797 tunc,
569 1743 828 1807 despotico
859 1744 1097 1793 Deorum
1128 1745 1347 1807 Imperio
1368 1774 1381 1797 ‚
1411 1742 1590 1792 cunita
1624 1746 1728 1807 regi
1762 1739 2067 1797 existimant,
2153 1746 2155 1751 “

316 1820 466 1870 atque
489 1822 575 1872 per
599 1806 974 1871 dispositionem
1002 1808 1259 1871 agentium
1281 1806 1648 1859 inevitabilem,
1676 1806 1740 1854 ad
1765 1804 1969 1854 effeetus
1997 1805 2067 1854 fa—

314 1871 435 1918 tales
449 1904 461 1924 ,
482 1872 598 1933 quia
616 1870 912 1924 infallibiles‚
935 1869 1167 1918 humanis
1193 1871 1339 1918 rebus
1358 1871 1533 1919 Fatum
1554 1869 1817 1922 inducunt,
1831 1868 2066 1933 Augures

317 1944 424 1980 tam
452 1934 600 1983 DEO
628 1933 835 1982 rebelles
852 1967 867 1988 ‚
896 1933 1052 1997 quam
1077 1932 1163 1981 fibi
1196 1933 1423 1983 exitiales.
1522 1933 1622 1982 Vel
1644 1949 1763 1982 cum
1795 1931 2068 1981 Chaldaica

314 1997 779 2061 Spermologorum
806 1998 927 2046 faece
955 1996 1167 2046 delirant
1198 1997 1452 2050 Lunatici‚
1475 1996 1598 2048 dum
1630 1993 1786 2045 Astris
1820 1995 2065 2044 influxum

315 2057 601 2115 adjudicant
630 2060 1011 2124 propemodum
1039 2059 1449 2123 thavmaturgum
1466 2093 1478 2113 ‚
1499 2075 1606 2122 quo
1633 2061 1684 2108 in
1713 2059 1989 2108 sublunaria
2016 2074 2065 2106 a-

316 2132 437 2185 gant
461 2132 565 2168 tam
593 2121 788 2171 fortiter
803 2157 815 2178 ‚
835 2137 890 2175 ut
912 2123 974 2173 ab
995 2135 1173 2188 agente
1194 2123 1500 2187 particulari,
1523 2124 1675 2171 etiam
1702 2123 1864 2171 libero
1878 2155 1890 2176 ‚
1909 2124 2064 2184 impe-

316 2184 408 2233 diri
426 2184 705 2233 nullatenus
724 2189 937 2247 queant?
972 2190 1023 2236 &
1043 2199 1164 2236 tunc
1189 2191 1242 2237 in
1269 2183 1534 2235 necessaria
1557 2184 1829 2235 effeftuum
1848 2185 1962 2233 serie
1980 2185 2062 2232 Fa-

313 2258 430 2296 tum
448 2245 622 2295 denuo
645 2244 883 2304 astruunt,
905 2262 1176 2314 nugatores
1195 2266 1303 2299 non
1328 2250 1495 2299 minus
1514 2250 1649 2314 impij
1672 2251 1724 2297 in
1745 2250 2059 2301 Creatorem,

316 2308 474 2372 quam
491 2311 647 2366 iniurij
675 2310 727 2357 in
753 2325 1011 2361 creaturas.
1112 2315 1212 2364 Vel
1244 2329 1365 2363 eum
1385 2315 1637 2363 Haeretieo
1663 2303 1876 2363 furfure,
1909 2305 2060 2358 Astra

312 2371 504 2422 faciunt
531 2372 666 2436 figna
687 2386 964 2423 eventuum
997 2375 1290 2425 futurorum
1321 2374 1665 2442 prognostica,
1686 2377 1736 2423 in
1758 2372 1953 2435 quibus,
1975 2388 2056 2421 ve-

317 2435 411 2484 luti
430 2436 668 2485 Numinis
684 2437 1034 2486 incorhutabili
1056 2438 1353 2503 Diphthera‚
1381 2440 1544 2505 legere
1562 2439 1619 2487 fit
1639 2437 1959 2485 decretorum
1977 2452 2056 2485 or·-

316 2498 516 2553 dinem‚
534 2495 758 2548 absolute
775 2500 1193 2565 inimpcdibilem:
1228 2505 1281 2551 in
1309 2503 1490 2566 quibus
1520 2501 1686 2550 videre
1709 2497 1765 2548 fit
1794 2511 1963 2553 notas,
1984 2514 2057 2548 re-

317 2577 433 2616 rum
462 2562 701 2615 omnium
728 2561 941 2621 indices>
963 2580 1051 2630 per
1078 2580 1200 2630 quas
1231 2565 1458 2621 facienda
1479 2562 1706 2630 praedici,
1728 2564 1779 2619 ὃς
1803 2577 2054 2674 Psffan·

1898 2641 1992 2678 rari
2117 2653 2120 2658 ·
