2175 2911
359 117 379 150 1
392 101 451 149 26
962 100 1141 166 Virgula
1161 102 1380 167 Morphez'.

289 197 496 248 decore!
533 193 654 247 cum
676 194 828 249 obvia
850 197 1049 264 ignoret
1069 198 1400 265 Philosophus
1414 232 1426 254 ,
1447 197 1497 250 ὅ(
1514 196 1838 252 hircocervos
1858 213 2041 252 venan-

291 263 391 316 do,
414 261 477 310 ad
500 276 583 316 ea,
603 276 712 325 quae
732 264 782 310 in
812 261 857 311 se
890 263 1059 317 sentit,
1088 266 1326 312 caecutiat.
1395 265 1551 310 MEL.·
1620 267 1702 312 Tu
1731 264 1940 328 quidem
1962 264 2045 314 be-

291 340 380 374 ne:
416 324 498 375 sed
523 324 585 372 de
612 323 830 389 gustibus
863 325 1318 390 Philosophorum,
1346 341 1492 380 cave,
1517 343 1580 374 ne
1608 328 1839 391 disputes:
1897 341 2048 392 expo-

292 403 357 437 ne
386 387 578 454 potius,
602 403 711 451 quae
735 389 797 437 de
829 388 1014 438 somno
1037 393 1086 440 δε
1115 389 1316 439 somnio
1353 388 1483 452 prius
1508 392 1776 440 Evandro:
1825 391 2044 443 curabo,

294 467 360 501 ne
388 451 592 507 somniis
623 464 670 500 tc
699 453 953 501 deludam.
1721 479 1737 493 ·

420 515 619 566 LEUC:
688 517 828 585 Qud
851 517 918 563 rei
951 514 1006 563 fit
1028 515 1261 569 somnus,
1282 514 1405 578 quid
1426 514 1713 565 somnium?
1749 531 1857 579 quae
1876 518 2050 565 utrius-

293 593 394 642 que
430 577 581 627 eausae
603 612 616 632 ,
651 593 759 641 quae
799 581 1124 643 proprietates
1163 582 1357 627 animus
1400 591 1502 626 erat
1537 581 1807 644 percipere,
1891 581 2048 626 MEL.

293 644 581 696 Somnum,
606 642 749 704 quod
774 644 972 694 attinet,
1002 643 1036 692 si
1059 643 1179 692 fides
1203 640 1269 690 est
1293 643 1555 707 Stagiritae‚
1574 641 1695 702 paffio
1720 641 1895 690 dicitur
1918 644 2052 703 primi

283 705 503 765 senfitivi‚
529 704 673 767 quod
702 718 889 754 vocant
921 705 1111 755 sensum
1146 721 1500 754 communem.
1570 705 1669 753 Sed
1696 706 1928 767 nunquid
1958 705 2053 753 hac

297 770 351 817 ln
377 770 488 817 luce
509 772 788 817 etiamnum
813 768 922 818 sunt
945 769 1194 817 tenebrae?
1247 769 1368 831 quid
1398 772 1466 817 rei
1489 767 1545 816 sit
1573 767 1730 817 sensus
1761 770 2052 816 communis

295 833 532 896 indagas?
568 831 711 888 hujus
740 829 861 895 ergo
887 845 1117 880 naturam
1140 845 1192 880 ut
1220 845 1473 896 penetres,
1505 829 1621 878 scire
1651 844 1880 895 oportet,
1898 842 2057 891 praecer

285 895 422 953 sensus
455 908 650 942 externos
689 895 783 941 dari
808 911 968 958 quoque
984 896 1118 953 sensus
1150 898 1361 948 internos,
1384 910 1463 939 non
1494 896 1537 938 in
1562 894 1799 940 hominibus
1826 894 1973 946 modo,
1985 893 2058 949 fied

298 961 434 1005 etiam
457 956 610 1004 brutis.
713 959 908 1007 Veritas
937 958 1043 1008 haec
1074 955 1142 1005 est
1172 955 1198 1007 ὲ
1221 956 1552 1019 Philosophiae
1584 957 1833 1020 decalogo
1855 989 1867 1009 ,
1902 971 2058 1018 quam

296 1023 384 1083 qui
403 1033 574 1084 negat,
605 1019 807 1069 haerefin
834 1021 952 1084 sapit
976 1020 1331 1069 Cartesianam.
1433 1021 1494 1067 Et
1512 1034 1617 1066 nun
1659 1018 1743 1065 uid
1763 1020 2061 1080 vertiginem

296 1085 504 1149 patitur,
524 1081 762 1144 sensuque
791 1095 924 1129 earet
951 1115 964 1135 ,
999 1085 1047 1130 &
1076 1083 1300 1133 ratione,
1327 1083 1412 1141 qui
1442 1081 1586 1127 bruta
1653 1082 1735 1127 icit
1764 1092 2049 1132 automata,

298 1148 445 1195 omni
458 1144 592 1192 sensu
623 1146 868 1191 carentia?
889 1143 1057 1191 videre
1081 1143 1224 1190 bruta
1243 1157 1403 1189 nemo
1427 1142 1547 1189 sanae
1566 1143 1746 1190 mentis
1770 1159 1878 1191 non
1899 1143 2061 1192 videt:

298 1222 457 1257 nemo
490 1221 598 1253 non
615 1205 780 1258 sentit,
805 1219 862 1253 ea
886 1206 1061 1253 sentire
1091 1220 1177 1269 per
1199 1205 1356 1252 sensus
1383 1217 1632 1253 externos.
1703 1203 1866 1269 Quod
1889 1218 2060 1254 autem

297 1274 350 1321 ὅ(
370 1270 576 1318 sentiant
607 1284 693 1333 per
725 1268 884 1318 sensus
920 1270 1173 1321 internos,
1211 1270 1531 1334 operationes
1564 1265 1825 1319 manifeste
1851 1269 2065 1318 demon-

297 1331 464 1383 strant.
533 1333 674 1382 Nam
696 1330 830 1395 finge
850 1331 939 1379 tibi
967 1331 1293 1380 Aetaeonem,
1326 1332 1500 1378 Diana:
1527 1331 1735 1379 latebras
1763 1332 2064 1397 perscrutan-

297 1409 432 1446 tem:
486 1410 696 1443 cervum
721 1427 734 1447 ,
763 1409 918 1456 quem
963 1393 1122 1446 videt,
1155 1393 1486 1456 persequitur,
1523 1395 1604 1442 sed
1639 1393 1666 1442 a
1697 1410 1877 1449 cervo,
1908 1410 2064 1457 quem

299 1459 462 1512 videt,
493 1458 779 1506 revocantis
808 1457 1006 1512 dasternit
1039 1471 1226 1504 vocem
1249 1488 1261 1508 ,
1291 1470 1447 1518 quam
1477 1454 1690 1505 minime
1720 1457 1883 1506 videt:
1918 1455 2067 1521 ,quod

301 1537 493 1574 vocem
523 1521 824 1584 perceperit,
841 1521 1027 1580 percipit
1043 1551 1056 1571 ,
1078 1521 1126 1569 ὅ(
1147 1531 1201 1566 ut
1222 1521 1458 1584 percipiat
1476 1519 1655 1568 melius
1670 1553 1682 1573 ,
1707 1534 1974 1584 utramque
1997 1538 2069 1570 ar-

302 1586 417 1649 tigit
443 1598 640 1631 aurem:
679 1584 828 1632 Lares
847 1584 996 1644 quaerit
1015 1581 1261 1632 absentes:
1297 1583 1570 1645 scipionem
1597 1585 1759 1636 horret,
1774 1600 1881 1632 non
1900 1587 2071 1644 ignarus

307 1648 500 1696 doloris
544 1647 802 1710 praetcriti:
860 1647 1015 1709 ligatis
1045 1644 1258 1694 sensibus
1288 1643 1505 1695 somniat
1529 1678 1542 1699 ,
1577 1646 1882 1694 somniando
1913 1649 2066 1694 latrat.

308 1712 429 1761 Haec
452 1708 486 1757 fi
511 1707 723 1757 sensibus
747 1710 955 1756 externis
980 1707 1240 1760 attribuas,
1271 1708 1449 1756 oculus
1473 1708 1713 1756 discernet
1729 1741 1742 1762 ,
1768 1720 1900 1757 extra
1922 1708 2070 1773 sphae-

308 1789 417 1823 ram
433 1805 446 1825 ,
472 1771 706 1820 colorem
732 1770 758 1819 a
784 1769 930 1825 sono,
946 1773 1072 1819 auris
1093 1770 1261 1818 audiet
1280 1773 1660 1834 operationem,
1685 1786 1783 1833 qua
1803 1771 1955 1825 audit,
1970 1771 2073 1819 sena

310 1836 385 1885 sus
416 1835 650 1900 percipiet
673 1834 931 1889 objectum
953 1834 1146 1885 absens,
1172 1834 1475 1896 praeteritum
1506 1832 1701 1886 sentiet3
1753 1848 1861 1897 quae
1898 1836 2074 1883 omnia

312 1900 428 1948 sunt
452 1897 726 1962 paradoxa,
751 1896 1081 1961 Philosophiae
1102 1895 1346 1960 principiis
1375 1896 1694 1945 adversantia.
1794 1897 1969 1946 Sensus
1987 1899 2074 1962 igi-

317 1974 399 2009 tur
425 1960 478 2008 fit
501 1973 730 2023 oportet,
757 1962 843 2023 qui
872 1960 1111 2008 discernat
1146 1958 1365 2014 obieeta,
1387 1959 1451 2006 ad
1484 1959 1702 2008 diversos
1734 1959 1890 2008 sensus
1921 1972 2074 2011 exter-

321 2039 417 2072 nos
439 2023 727 2085 speciantia:
766 2025 848 2085 qui
865 2023 1101 2087 percipiat
1118 2023 1437 2085 operationes
1461 2037 1640 2070 eorum
1664 2023 1863 2077 elicitas,
1887 2024 1974 2085 qui
1991 2037 2077 2072 eo-

324 2087 532 2150 gnoscat
556 2085 785 2140 absentia,
801 2101 879 2150 ref
889 2086 1107 2134 raescntet
1125 2085 1383 2151 praeterita,
1397 2099 1554 2148 quem
1571 2084 1762 2135 sensum
1785 2085 1996 2136 dicimus
2013 2086 2077 2134 es-

322 2150 372 2199 se
403 2151 674 2197 internum.

460 2211 657 2260 LEUC:
727 2209 916 2273 Capio:
954 2210 1035 2259 sed
1063 2226 1125 2259 an
1148 2209 1284 2258 idem
1305 2210 1366 2258 de
1390 2209 1493 2260 hoe
1511 2211 1647 2262 sensu
1666 2211 1958 2278 Philosophi
1977 2211 2081 2260 sen-

330 2276 489 2323 tiunt?
557 2275 714 2318 MEL.·
785 2275 1022 2322 Unanimi
1051 2273 1247 2322 calculo
1277 2274 1493 2337 probant
1516 2290 1721 2324 omnes:
1759 2288 1871 2324 utut
1897 2277 1950 2324 in
1981 2275 2080 2332 ejus

335 2334 581 2386 divisione
614 2337 662 2384 ὅ(
687 2349 883 2398 organo
907 2338 1140 2385 nonnulli
1169 2336 1461 2386 dissentiant.
1555 2341 1666 2404 Ego
1688 2340 1890 2388 minora
1910 2338 2080 2388 Sidera

332 2414 583 2452 veneror,
606 2397 778 2446 Solem
800 2397 979 2459 sequor
1003 2399 1336 2463 Angelicum,
1366 2403 1451 2463 qui
1470 2400 1660 2450 sensum
1687 2404 1940 2450 internum
1963 2415 2080 2461 qua-

317 2462 592 2511 ·drifariam
613 2460 841 2525 dispertit.
918 2459 1082 2515 1.mo,
1110 2465 1153 2507 in
1172 2462 1328 2520 sensiam
1357 2480 1640 2514 communem,
1669 2479 1775 2526 quo
1799 2464 2079 2528 potentiam

341 2527 578 2582 denotat,
598 2537 706 2587 quae
732 2522 1026 2576 sensationes
1047 2526 1306 2592 cognoscit
1328 2539 1573 2584 externas,
1593 2528 1644 2580 <Sc
1670 2526 1850 2578 harum
1872 2524 2080 2639 adumini·

1888 2603 1914 2639 c
1973 2602 2008 2637 o

2153 986 2175 1574 *w
2168 1373 2175 1436 ...n
2164 1036 2175 1372 ,μώ-
2158 614 2160 616 “

2161 2796 2166 2911 *““ᾈ
2160 2625 2166 2777 ''d“-
2156 1703 2175 2619 .ffl-—.-———-——T—-——-m÷-
2157 1578 2163 1694 ''q—-
