2175 2911
729 121 902 186 Coloffics
933 125 1155 189 Mffiicus.
1701 141 1728 191 8
1735 152 1758 198 3

66 223 305 274 aehritudini
327 222 542 274 maxima
556 251 570 274 ‚
595 231 722 283 quae,
745 219 804 270 sit
822 233 969 269 notat
987 219 1273 272 Carneades
1295 256 1309 278 ,
1344 223 1603 294 perfringit
1618 235 1828 289 omnia,

11 279 15 342 ἱ
65 289 171 340 fine
193 288 426 338 laborum
448 283 685 342 molestiis
711 317 724 339 ‚
761 286 961 333 animos
990 284 1142 334 fleostit
1163 285 1267 336 fine
1295 283 1437 349 studij
1470 294 1621 351 taedijs
1648 328 1662 350 ,
1696 295 1829 348 bella

11 352 13 397 ἐ
63 354 193 415 gerit
220 351 319 400 fine
341 349 495 399 milite
520 382 536 404 s,
572 349 674 398 sine
699 347 884 397 viribus
908 348 1126 398 debellat
1151 382 1164 406 ‚
1200 349 1302 400 fine
1333 356 1482 402 armis
1517 358 1827 425 triumphat:

12 423 14 473 ᾗ
68 415 270 468 Verb0‚
287 411 400 461 solo
419 411 617 478 aspectu
631 446 643 467 ‚
668 412 853 461 Circeo
870 413 1021 462 veluti
1039 412 1228 484 philtro
1243 447 1255 468 ‚
1277 414 1695 485 fascinatcunfita,
1709 424 1828 489 ipsa-

12 477 14 528 ἦ
64 489 173 527 met
194 487 439 525 exarmata
467 487 689 525 exarmat
707 477 885 523 omnia
902 508 917 530 ‚
952 476 1148 540 suaeque
1178 476 1369 534 subiicit
1391 479 1638 544 potestati.

12 547 14 601 j
218 540 414 590 LEUC:
452 542 526 588 Ita
549 536 648 588 est:
686 539 898 589 advertit
934 553 1171 602 quoque,
1204 537 1258 590 ni
1283 541 1460 598 fallor,
1491 545 1830 613 Philosophos

12 618 16 664 ᾗ
63 612 248 650 veteres
282 612 302 655 ‚‘'
329 603 525 651 nullam
551 602 645 651 effe
662 614 860 650 aetatem
885 635 898 656 ,
935 604 1295 654 conditionem
1314 604 1590 657 hominum
1610 613 1826 667 nullam,

12 667 14 711 ἱ
57 678 168 726 quae
187 676 332 715 tantae
354 666 447 714 sese
472 667 707 730 potentiae
730 664 1015 714 subtrahere
1055 667 1254 720 valeam
1290 666 1409 719 hinc
1440 671 1827 724 Pulchritudinis

12 712 16 782 ζ
51 726 301 791 estypon,
333 729 553 777 mulieris
586 727 824 791 symbolo
858 728 1229 780 adumbrabant
1259 765 1271 785 ‚
1308 746 1418 795 quae
1450 748 1610 785 manu
1648 737 1826 788 floscu-

50 789 132 838 los
154 790 494 842 diffuaviando
518 825 532 845 ‚
564 788 801 840 substrata
830 793 1041 857 pedibus
1068 796 1305 844 ⁴animalia
1335 811 1590 860 premeret
1621 835 1634 852 ,
1669 803 1826 863 pescem

0 798 17 911 {l
54 867 174 902 cum
198 855 327 907 alite,
348 870 469 902 cum
501 856 643 914 lepore
663 858 870 903 Leonem:
896 858 984 907 en!
1019 855 1164 906 hiero
1203 858 1446 923 liphicum
1467 860 1693 919 schema,
1714 875 1823 928 quo

12 915 17 979 l
49 927 156 964 tam
176 916 394 971 abjectos
418 950 431 971 ‚
468 917 622 980 quam
648 919 807 966 elatos
840 921 895 968 in
920 923 1034 970 a'e'ra
1056 954 1069 974 ‚
1105 923 1175 970 im
1218 923 1333 971 elles
1365 921 1507 987 aeque
1539 941 1595 976 ac
1626 928 1784 976 forres
1807 961 1823 983 ‚

12 981 18 1030 ξ
49 978 297 1036 subjacere
328 979 590 1046 despotico
626 981 1011 1032 Pulchritudinis
1038 985 1160 1050 jugo
1184 1018 1198 1039 ‚
1241 985 1593 1051 fignificarant.
1660 992 1821 1041 MEL:

48 1041 327 1092 Enimvero
355 1059 465 1093 non
490 1041 624 1093 male
651 1046 956 1096 lineamenta
973 1046 1056 1096 hic
1072 1049 1358 1113 penicillus:
1396 1051 1687 1104 videtnulla
1709 1068 1822 1105 non

18 1112 19 1115 ’
46 1118 162 1154 aetas
185 1138 198 1159 ‚
234 1105 611 1170 pulchritudinis
637 1107 831 1157 throno
854 1111 1081 1158 certatim
1101 1109 1339 1161 substerni
1363 1146 1377 1167 ‚
1409 1129 1549 1163 nunc
1573 1117 1769 1179 ligones
1793 1118 1822 1169 a

0 1189 16 1210 ν
48 1170 241 1221 Titiris‚
265 1185 400 1218 nunc
418 1169 445 1218 a
467 1170 648 1235 Sophis
670 1171 967 1234 epomidem
991 1205 1005 1222 ‚
1042 1171 1070 1219 a
1093 1173 1397 1223 Consulibus
1426 1176 1594 1230 fasces,
1616 1180 1822 1245 Sceptra

0 1200 17 1281 l
46 1230 78 1280 ὲ
100 1232 339 1294 Regibus.
406 1231 522 1282 Imo
545 1233 680 1283 videt
707 1236 758 1283 &
779 1231 1078 1298 obstupescit
1111 1235 1174 1283 ad
1200 1235 1287 1285 has
1322 1253 1427 1286 aras
1447 1273 1461 1289 ‚
1498 1239 1653 1304 ipsam
1683 1244 1822 1292 incli-

14 1288 17 1342 ἱ
47 1298 155 1344 nari
173 1293 364 1344 hastam
383 1294 410 1344 a
429 1298 596 1345 Marte
629 1329 642 1349 ‚
678 1295 850 1343 sacrari
872 1296 1155 1359 pharetram
1185 1299 1247 1346 ab
1267 1300 1516 1364 Apolline
1548 1335 1560 1356 ‚
1593 1302 1819 1368 suspendi

44 1357 244 1407 fulmen
269 1357 296 1406 ὲ
318 1360 465 1416 Jove.
538 1358 735 1407 Oculos
759 1390 772 1411 ‚
793 1357 827 1404 fi
848 1357 1018 1411 lubet,
1048 1362 1296 1424 immerge
1321 1363 1586 1425 paululum
1606 1365 1818 1417 Histori-

15 1418 18 1474 Ξ
48 1423 116 1469 cis
144 1423 492 1470 monumentis
515 1454 528 1475 ,
566 1424 613 1470 ὅ(
636 1435 724 1485 per
752 1419 977 1469 sexcenta
993 1421 1231 1485 'prodigia
1260 1423 1627 1476 confirmatum
1653 1426 1818 1495 stupe-

15 1492 17 1536 }
44 1484 119 1532 bis
138 1484 518 1534 Pulchritudinis
537 1483 734 1532 solium.
797 1485 929 1533 Mox
960 1497 1192 1533 occurret
1210 1484 1439 1537 formosa
1460 1490 1677 1543 Rachel,
1703 1508 1815 1556 quae

15 1540 17 1595 Ξ
47 1561 106 1594 ex
128 1548 329 1606 Jacobo
358 1548 518 1596 libero
548 1548 665 1596 fecit
690 1548 1002 1613 mancipium
1020 1580 1037 1602 ‚
1073 1550 1188 1610 quia
1227 1549 1300 1598 bis
1330 1549 1553 1615 septenni
1580 1554 1813 1606 servitute

15 1612 18 1673 ζ
42 1625 201 1659 unam
218 1625 389 1659 emere
414 1610 700 1660 servitutem
723 1626 833 1658 non
850 1610 1105 1660 recusavit.
1174 1613 1423 1662 Occurret
1442 1615 1683 1672 Thamar,
1700 1634 1811 1681 quae

4 1680 19 1730 gt
40 1687 101 1720 ex
122 1672 273 1721 fratre
292 1672 411 1721 sano
446 1708 460 1724 ‚
497 1673 615 1721 fecit
649 1672 879 1722 insanum
904 1707 917 1727 ,
942 1676 1058 1736 quia
1094 1678 1282 1724 erotica
1350 1677 1541 1727 hrenefi
1571 1681 1810 1731 insanien-

0 1732 19 1790 [ἑ
42 1745 165 1784 tem.
243 1732 388 1785 Sistet
408 1735 454 1784 se
470 1736 725 1790 Bersabee,
754 1751 863 1799 quae
884 1736 950 1785 fic
973 1737 1061 1787 sibi
1090 1738 1306 1788 subdidit
1376 1757 1540 1807 egem,
1565 1756 1620 1792 ut
1642 1759 1698 1792 ex
1718 1748 1808 1809 pio

0 1804 19 1858 ’.ἦ
43 1798 228 1848 faceret
245 1801 458 1863 impium
477 1832 494 1854 7
526 1802 647 1863 -quia
668 1799 955 1849 adulterum
978 1833 991 1855 ‚
1028 1817 1085 1850 ex
1105 1804 1265 1868 impio
1286 1820 1411 1853 mox
1434 1805 1806 1870 impijffimum,

0 1865 19 1913 sl
44 1863 161 1925 quia
182 1861 463 1912 adulterum
484 1862 630 1913 fimul
653 1866 702 1913 ὃ(
722 1862 1055 1913 homicidam.
1088 1863 1272 1915 Sistent
1290 1867 1336 1916 se
1355 1868 1679 1925 Moabiddes,
1696 1886 1807 1934 quae

16 1916 106 1992 lex
125 1925 405 1974 Salomone
428 1925 542 1974 sene
575 1927 822 1976 infantem
848 1961 861 1982 ,
898 1943 955 1975 ex
993 1928 1360 1993 Sapientiffimo
1399 1929 1565 1980 fecere
1600 1930 1805 1984 stultiffi-

0 1989 20 2047 'tl
43 2002 221 2040 mum,
241 1990 358 2050 quia
378 1989 648 2040 Idolorum
678 1990 884 2039 suorum
910 1991 1057 2040 idolis
1086 1990 1201 2040 thus
1224 1994 1535 2043 adolentem.
1603 1995 1721 2046 Imo
1750 2001 1802 2049 &

0 2050 23 2106 ὲῗ
44 2052 322 2101 Herculem
340 2051 529 2101 videbis
553 2085 565 2105 ‚
601 2055 681 2102 cui
705 2087 718 2110 2
749 2056 857 2117 quis
887 2055 1112 2103 crederet
1136 2056 1150 2103 ἒ
1188 2056 1446 2121 Omphala
1480 2059 1681 2108 extorfit
1706 2062 1802 2109 cla-

0 2111 161 2171 Q'vam
179 2147 191 2167 ,
227 2112 578 2177 mutata‘rmque
608 2118 660 2165 in
681 2119 853 2166 colum
876 2118 1179 2183 androgyno
1214 2117 1420 2169 restituit
1441 2153 1454 2176 ,
1491 2121 1703 2186 dignum
1732 2125 1800 2173 ef-

17 2177 317 2236 }foeminato
343 2178 561 2226 Hercule
581 2178 882 2243 trophaeum.
952 2183 1278 2244 Cleopatram
1299 2199 1470 2233 cernes
1497 2218 1511 2240 ‚
1549 2201 1659 2248 quae
1682 2186 1800 2236 sedi-

4 2252 21 2287 ·‘z
42 2240 172 2290 'tioso
193 2241 415 2289 tumultu
438 2243 739 2291 Romanum
764 2245 1040 2308 Imperium
1070 2248 1134 2295 fic
1167 2245 1411 2296 concuffit
1437 2281 1450 2300 ,
1487 2261 1542 2297 ut
1562 2251 1801 2300 Marcum

18 2298 338 2365 {Antonium
359 2301 459 2354 vita
483 2337 496 2359 ‚
533 2302 670 2353 fama
692 2338 704 2359 ‚
741 2302 991 2370 bonisque
1025 2310 1263 2359 omnibus
1296 2308 1538 2376 spoliarit:
1596 2311 1691 2376 pro
1716 2330 1802 2377 pu-

0 2371 21 2412 't
42 2367 137 2416 dor
158 2369 167 2415 !
205 2369 370 2416 virum
393 2368 610 2417 foemina
636 2401 649 2422 ‚
685 2366 816 2418 adeo
837 2370 965 2420 bella
988 2371 1107 2422 fecit
1123 2373 1399 2423 imbellem.
1471 2376 1612 2443 Qid
1635 2376 1799 2424 dicam

0 2430 22 2488 >l
42 2430 104 2479 de
124 2429 492 2495 pulchritudine
513 2432 720 2480 Helenae
744 2465 757 2487 ‚
791 2436 873 2482 cui
895 2435 986 2485 suis
1004 2436 1190 2502 sepulta
1209 2438 1454 2487 cineribus
1469 2472 1481 2493 ‚
1504 2440 1606 2488 hoc
1627 2452 1796 2486 tamen
1825 2435 2022 2490 AElianm

0 2492 193 2556 '‘sTroia
214 2494 474 2558 elogium:
513 2495 716 2559 dignam
739 2494 832 2544 effe
855 2530 869 2552 ‚
904 2511 960 2547 ut
978 2516 1071 2565 pro
1092 2500 1218 2550 illius
1235 2516 1413 2550 amore
1438 2519 1517 2549 non
1545 2501 1665 2548 mode>
1688 2501 1793 2547 Tro·
1822 2501 1852 2548 l.
1876 2514 1950 2547 12.

20 2556 88 2623 'fia
111 2559 317 2611 arderem
344 2558 417 2617 sed
445 2569 562 2611 totus
603 2561 779 2610 mundus
815 2573 1017 2677 εεντὶνεῐ,
1103 2565 1165 2614 Et
1195 2562 1459 2617 enimvero
1480 2562 1639 2617 arsere
1669 2564 1756 2614 Ilia
1773 2598 1789 2621 0
1817 2566 1987 2614 variar.

20 2624 22 2631 ⁴
975 2639 1006 2672 2
1607 2641 1728 2678 nam

0 2787 2 2790 >
21 2751 24 2804 3>
