2175 2911
58 260 237 321 Tmssam.

57 328 108 372 de
131 323 250 374 Coelo.

89 1158 138 1205 C.
155 1167 200 1212 3.

377 120 407 166 8
930 116 1062 166 Atlas
1089 112 1417 180 Philosbpht'cus.

306 228 395 266 net
417 213 580 265 decies
597 222 809 264 centena
830 212 1117 264 milliarium
1138 215 1315 264 millia:
1335 213 1454 263 hinc
1474 213 1508 264 fi
1531 208 1631 264 Die
1652 213 1879 263 cinerum
1899 209 1927 264 ὲ
1944 228 2062 282 pro·

307 282 449 329 ximo
468 280 626 328 Lunae
653 292 889 326 concavo
909 276 1134 341 sagittam
1153 278 1454 332 demitteres‚
1471 294 1580 342 quae
1605 277 1743 326 horis
1765 276 1961 342 lingulis
1979 283 2062 330 tri·

306 346 444 408 ginta
465 341 691 390 milliaria
710 340 1011 406 pervolaret,
1042 341 1105 389 ad
1122 354 1306 389 terram
1329 353 1444 390 ante
1463 340 1644 391 Pascha
1662 343 1741 388 vix
1762 345 2061 404 perveniret.

308 403 428 460 Imo
450 404 484 453 si
507 404 703 453 molare
724 403 891 452 stixum
914 403 976 452 ab
997 405 1173 455 ostava
1191 404 1523 454 solummodo
1542 404 1758 453 siderum
1775 402 1957 467 spliaera
1981 404 2063 452 de-

309 469 556 527 jiceretur,
579 480 694 516 ante
717 482 855 516 nona
893 466 1103 515 cesimum
1133 468 1411 516 secundum
1441 484 1634 517 annum
1658 482 1765 515 non
1801 469 2062 530 attingeret

307 546 495 582 terram
510 564 523 586 ‚
544 530 629 580 etsi
647 530 842 595 singulis
902 531 1000 579 oris
1024 530 1240 580 ducenta
1269 532 1495 580 milliaria
1513 530 1745 580 cadendo
1769 528 2062 578 conficeret.

307 592 474 646 Porro
498 591 725 643 distantia
751 607 888 643 terrae
907 592 934 642 a
953 593 1185 658 supremo
1209 595 1368 645 Coelo
1392 592 1722 645 Astronomis
1754 605 1890 642 tanta
1911 590 1995 646 est,
2008 606 2064 640 ut

308 655 427 708 licet
449 658 574 706 osto*
595 656 812 706 millibus
833 672 1086 706 annorum
1100 691 1113 711 ,
1141 660 1192 707 in
1216 657 1434 723 singulos
1454 658 1581 712 dies,
1605 658 1832 706 milliaria
1855 669 2066 704 centum

306 718 746 775 conficeres‚rest?t
770 717 849 769 via
868 736 1137 785 properans
1162 723 1213 770 in
1234 722 1411 776 altum,
1437 718 1649 770 minime
1667 733 1839 769 tamen
1860 718 1920 767 ad
1942 719 2065 768 Coe-

307 787 419 834 lum
445 799 741 849 empyreum
773 787 1069 848 pervenires
1155 787 1239 834 Ne
1262 784 1318 833 fis
1337 783 1459 849 ergo
1489 785 1749 836 sollicitus,
1774 785 1846 831 mi
1867 783 2064 831 Leuco-

305 849 421 897 thec
438 882 450 901 ‚
474 849 536 896 ad
558 861 666 895 tam
693 846 940 895 excelsum
970 848 1209 912 palatium
1238 863 1347 897 non
1369 850 1615 912 pertinget
1640 846 1892 895 insalubris
1923 860 2058 896 aura,

305 927 418 960 non
443 909 732 975 grandiness
761 911 877 958 illue
902 925 1011 958 non
1041 912 1301 974 procellae,
1329 926 1437 960 non
1462 911 1712 963 turbines,
1740 924 1849 956 non
1877 921 2069 972 tempe-

305 971 449 1023 states
470 974 579 1023 ullae
601 973 892 1024 ascendent3
934 973 1005 1021 nil
1035 973 1214 1026 nostis,
1233 986 1317 1021 aut
1350 974 1676 1021 tenebrarum
1704 971 1983 1019 admittitur
2004 970 2069 1018 ad

307 1039 580 1088 Civitatem
609 1036 746 1092 hanc,
769 1031 1156 1085 illustrissimam,
1177 1038 1229 1083 δεῖ
1256 1033 1555 1082 altiffimam.
1654 1033 2067 1097 Amplitudinem

305 1101 433 1149 illius
469 1098 614 1160 quod
632 1099 831 1147 attinet,
854 1094 1096 1142 imensam
1121 1094 1215 1143 effe
1242 1095 1562 1148 considerans
1581 1095 1833 1159 Propheta
1852 1096 2066 1147 Bar-neh,

307 1163 550 1211 attonitus
571 1158 894 1206 exclamavit:
964 1160 1000 1204 0
1015 1157 1148 1213 Israe'l
1161 1161 1178 1202 !
1213 1157 1340 1220 qndm
1355 1173 1506 1217 magna
1531 1157 1586 1211 eft
1606 1160 1751 1203 domus
1771 1160 1904 1208 DEI,
1930 1161 1983 1204 eff
2003 1162 2067 1203 in-

299 1239 405 1290 gens
424 1224 539 1269 locas
551 1219 797 1282 poffi’ffionis
816 1220 939 1278 ejus!
973 1234 1149 1280 magnus
1167 1219 1248 1274 est,
1273 1224 1331 1268 &⁶
1346 1237 1427 1266 non
1447 1219 1577 1267 habet
1592 1219 1752 1278 finem;
1787 1221 1983 1277 excelfics,
2009 1223 2069 1268 &⁵

305 1286 544 1343 zmmenfits.
645 1285 836 1333 Manna
863 1281 1090 1348 prorsus,
1125 1285 1175 1333 ὅ(
1203 1284 1558 1333 incredibiliter
1595 1284 1761 1348 ampla
1791 1282 1984 1332 neceffe
2012 1283 2070 1332 sit

304 1350 414 1400 haec
435 1349 573 1399 Aula
593 1347 743 1398 coelel
769 1348 833 1400 is,
853 1360 964 1408 quae
987 1344 1271 1395 citatissimo
1283 1348 1413 1396 Solis
1435 1347 1594 1397 cursui
1611 1346 1916 1396 immensum
1971 1343 2068 1395 ene

305 1413 518 1478 spatium
547 1410 769 1476 praebuit.
871 1410 983 1459 Una
1012 1405 1460 1459 Astronomorum
1489 1427 1589 1461 vox
1617 1407 1711 1465 est,
1729 1411 1906 1460 Solem
1950 1408 2068 1459 ior&

306 1474 458 1524 unica
486 1487 773 1538 percurrere
804 1471 1022 1520 ducenta
1045 1471 1289 1537 sexaginta
1317 1475 1472 1524 millia
1499 1474 1728 1523 milliaria
1753 1474 2067 1539 germanica,

307 1534 336 1587 ὲ
358 1538 538 1600 quibus
558 1537 696 1585 Coeli
727 1535 977 1583 ambitum
1001 1534 1244 1589 deducat,
1267 1539 1353 1599 qui
1374 1539 1531 1587 volet,
1631 1539 1759 1588 Sunt
1783 1571 1796 1592 ‚
1829 1539 1916 1600 qui
1940 1537 2069 1585 illius

308 1599 717 1663 magnitudinem
745 1599 1035 1646 milliaribus
1067 1603 1414 1658 10314085710
1451 1600 1718 1653 definiant,
1749 1600 2068 1649 latitudinem

307 1666 434 1714 veri)
474 1663 790 1721 3600000000
820 1661 1112 1709 milliaribus
1133 1663 1419 1712 metiantur·
1518 1663 1809 1727 Philosophi
1836 1665 2068 1727 amplitu-

307 1726 481 1775 dinem
503 1726 641 1777 Coeli
672 1726 891 1789 empyrei
923 1725 1223 1773 immensam
1254 1721 1590 1780 constituunt,
1619 1728 1674 1776 δε
1703 1724 1934 1774 admirari
1961 1740 2069 1774 ma-

307 1791 433 1844 lunt,
455 1788 611 1852 quam
631 1791 820 1837 metiri:
856 1788 908 1836 id
927 1784 1069 1837 facile
1093 1787 1325 1843 inferent,
1342 1787 1428 1837 nisi
1448 1804 1664 1838 omnem
1683 1788 1921 1837 dostrinae
1944 1803 2067 1837 con-

307 1853 616 1916 sequentiam
648 1848 909 1910 ejurarint,
936 1850 1020 1900 etsi
1040 1852 1316 1901 Beatorum
1337 1852 1541 1901 cuilibet
1570 1852 1798 1916 spatium,
1819 1864 2066 1900 terrarum

311 1916 455 1965 Orbe
473 1915 724 1980 grandius,
745 1912 949 1978 affignet
972 1917 1202 1968 Numen,
1223 1914 1507 1963 mansiones
1525 1916 1761 1980 plurimas
1789 1914 1901 1963 fore
1923 1914 2068 1963 nihil-

310 1982 514 2027 ominus
537 1994 730 2029 vacuaS.
836 1978 1060 2026 inferent
1083 1990 1267 2026 terram
1291 1979 1450 2028 Coelo
1478 1979 1746 2032 collatam,
1765 1977 2066 2043 punc'tulum

313 2039 434 2093 effe,
454 2042 564 2091 imo
597 2039 839 2106 punenii&
872 2043 1063 2095 minus,
1087 2040 1207 2090 cum
1240 2038 1376 2090 stella
1402 2044 1553 2090 etiam
1586 2043 1798 2090 minima
1831 2041 1992 2090 decies
2013 2043 2066 2090 ὃς

313 2103 468 2152 octies
499 2119 632 2153 terrae
663 2105 1066 2169 magnitudinem
1095 2105 1479 2170 complestatur.
1579 2106 1831 2159 Inferent‚
1862 2102 2002 2167 quod
2028 2102 2065 2152 fi

311 2167 487 2217 DEUS
511 2162 538 2214 ὲ
560 2166 754 2231 singulis
775 2184 934 2218 arenae
953 2169 1185 2232 granulis,
1206 2183 1316 2231 quae
1340 2170 1474 2218 littus
1490 2170 1744 2218 marinum
1766 2165 1957 2232 stipant,
1972 2164 2063 2215 fin-

313 2229 460 2294 gulos
488 2243 674 2277 cre-<iret
697 2233 858 2281 Orbes
883 2245 1126 2280 terrarum
1142 2265 1154 2284 ,
1184 2234 1436 2283 innumeri
1464 2228 1628 2286 certe,
1646 2247 1701 2280 ac
1726 2229 1903 2280 infiniti
1934 2227 2063 2278 dice·

314 2305 512 2346 rentur,
545 2294 595 2341 ὃς
622 2304 792 2342 tamen
829 2295 1072 2344 immensa
1098 2296 1235 2344 Coeli
1264 2295 1412 2360 spatia
1448 2299 1742 2358 neutiquam
1775 2291 2057 2356 implerent.

315 2357 389 2405 Ite
414 2355 512 2411 jam
534 2354 693 2418 Sophi
718 2389 731 2409 ⁷
758 2357 961 2407 dividite
994 2357 1098 2407 hoc
1121 2371 1261 2407 teri-:c
1293 2359 1593 2424 punitulum
1613 2391 1626 2412 ,
1651 2355 1793 2419 quod
1822 2355 1955 2403 ferro
1971 2388 1982 2409 ,
2008 2359 2059 2406 ὅ(

313 2421 429 2482 igne
451 2430 531 2466 tot
551 2418 738 2467 Gentes
760 2422 885 2468 inter
912 2420 1006 2469 sese
1036 2421 1292 2470 dividunt:
1329 2425 1420 2477 ite,
1443 2426 1493 2473 ὅς
1524 2418 1754 2484 neglee'to
1781 2417 1938 2467 Coelo
1965 2434 2059 2483 pro

316 2482 455 2529 terrae
481 2480 679 2546 glebula
698 2481 947 2546 digladiari
976 2484 1305 2549 magnificum
1329 2497 1516 2550 putate.
1592 2484 1664 2530 Ite
1681 2479 1857 2534 insani,
1886 2483 1934 2531 ὅς
1955 2496 2062 2531 am-

315 2543 418 2595 bite
437 2544 657 2601 domos>
681 2546 732 2595 ὅ(
762 2545 966 2610 praedia‚
987 2549 1142 2606 villas,
1156 2549 1420 2605 CivitateS‚
1446 2547 1707 2610 &Regna‚
1728 2547 1777 2596 ὃς
1799 2544 1905 2659 ὴορὶῑ
1934 2560 2060 2606 pun-

1858 2621 1885 2659 c
1909 2623 1997 2659 um
