2175 2911
400 130 418 160 1
431 117 492 162 80
728 107 731 111 ’
989 108 1200 159 Ariadne
1221 105 1413 167 Phyficae.

327 203 603 259 servarunt.
667 205 706 256 E
720 203 900 269 quibus
928 205 1147 259 nemini,
1177 218 1295 254 reor
1308 236 1322 258 ‚
1341 217 1450 253 non
1464 199 1626 268 potest
1645 201 1739 252 effe
1754 202 2083 268 perspicuum,

330 273 562 326 Lunam,
581 270 919 321 humidorum
931 271 1168 319 omnium
1181 269 1486 321 Dominam,
1516 269 1882 332 propinquiore
1902 264 2084 324 sidere,

331 333 616 399 viribusque
647 332 878 397 specificae
900 333 1142 396 qualitatis
1173 330 1236 379 fic
1266 345 1604 380 commovere
1628 333 1898 381 Oceanum
1921 362 1935 384 ‚
1964 334 2088 381 utin

333 399 584 457 ejusmodi
604 397 743 449 aestus
766 397 983 459 denique
1004 394 1302 445 effervescat.
1373 394 1494 442 Haec
1515 395 1682 449 causa,
1705 392 1860 457 quam
1882 391 2007 442 mihi
2020 397 2088 445 vi-

333 461 851 514 deturaccommoda‚
881 472 984 509 tam
999 474 1208 523 quoque
1228 455 1793 513 insufficiensjudicatur.
1833 458 1971 505 Nam
1993 461 2088 504 inae-

331 526 520 590 qualitas
539 527 678 574 motas
693 562 707 578 ,
732 526 818 588 qui
840 539 935 573 nec
954 520 1072 572 stata
1092 535 1326 585 tempora
1347 521 1577 569 observat
1606 555 1619 576 ‚
1653 537 1748 569 nec
1770 519 1959 583 legibus
1978 521 2088 569 ullis

332 585 688 654 constringitur
709 623 723 644 ‚
755 588 894 652 plura
913 589 1033 653 petit
1059 587 1312 650 principia.
1412 584 1510 633 Sed
1544 599 1777 647 quaenam
1798 584 1878 632 illa
1902 585 1918 631 ?
1946 582 2085 638 sunt,

333 654 421 715 qui
443 652 676 702 Siderum
697 647 1333 711 influxus‚Ventorumque
1353 647 1570 697 diversos
1588 650 1806 712 impetus
1826 645 2088 710 assignant:

332 717 471 769 sunt,
510 719 596 778 qui
627 715 774 766 situm
809 728 945 764 terrae
972 748 984 767 ‚
1017 716 1311 776 Regionum
1340 745 1352 765 ‚
1387 707 1639 774 marisque
1671 710 1944 760 adducunt.
2013 710 2089 759 nli

334 782 576 829 omnium
599 776 793 844 optime
818 811 831 832 ‚
868 780 952 841 qui
976 781 1024 827 δ(
1049 776 1250 826 Phoebo
1280 773 1509 825 directius
1529 778 1578 822 in
1603 791 1742 824 mare
1775 776 1967 837 agenti,
1992 774 2088 820 ele-

334 838 577 905 vanti‘que
600 857 811 906 vapores
833 873 847 894 >
883 843 969 905 qui
990 839 1076 906 ipsi
1099 842 1316 890 Oceano
1336 872 1348 892 ‚
1374 840 1632 901 qualitates
1651 840 1805 887 Lunae
1823 835 2090 901 sympathi-

331 921 413 955 cas
428 939 443 960 ,
465 918 551 954 aut
569 902 702 955 certe
723 906 908 970 spiritus
924 904 1163 958 nitrosos,
1191 902 1484 965 salsugineos
1501 935 1513 952 ‚
1538 901 1765 950 volatiles
1780 934 1794 955 ‚
1816 902 2090 950 Mercuria-

330 970 401 1017 les
423 1002 436 1023 ‚
469 969 655 1018 ciendae
685 969 1062 1017 fermentationi
1093 965 1460 1034 accommodas
1487 963 1805 1018 suffundenti‚
1828 975 1931 1010 tam
1953 977 2091 1037 para-

334 1031 525 1080 doxam
551 1030 833 1079 adscribunt
851 1031 1030 1075 marini
1051 1025 1189 1075 aestfis
1210 1030 1520 1073 varietatem.
1589 1027 1686 1073 Sed
1708 1028 1758 1071 in
1777 1041 1829 1073 re
1849 1026 1979 1074 adeo
2002 1027 2090 1074 du-

334 1094 415 1142 bia
433 1108 484 1142 tu
508 1093 535 1141 a
561 1107 644 1140 me
663 1094 841 1139 certius
864 1091 932 1137 nil
960 1090 1204 1150 requira53
1229 1086 1262 1134 fi
1286 1083 1369 1132 ista
1386 1086 1722 1134 curiositatem
1738 1099 1877 1134 tuam
1899 1104 2007 1135 non
2026 1088 2092 1137 sa-

333 1159 459 1204 tiant
482 1190 493 1208 ,
534 1154 795 1204 Ariadnen
822 1167 986 1215 quaere
1007 1183 1022 1205 ‚
1057 1166 1166 1213 quae
1197 1152 1410 1198 certiore
1438 1149 1528 1198 filo
1563 1150 1847 1200 reconditas
1884 1152 2090 1202 Naturae

331 1222 435 1271 vias
459 1220 546 1266 tibi
571 1219 770 1281 aperiat.

463 1281 662 1332 LEUC:
700 1277 797 1329 Hic
826 1295 937 1329 non
965 1278 1073 1343 plus
1100 1275 1227 1326 ultra
1249 1310 1263 1332 ,
1299 1291 1365 1325 ne
1398 1291 1518 1325 cum
1562 1275 1875 1342 Philosopho
1922 1280 2091 1345 Euripi

332 1347 552 1395 vortices
575 1358 668 1393 nos
695 1343 1005 1407 demergant.
1042 1341 1303 1390 Ariadnen
1325 1339 1586 1402 Phyficam
1604 1343 1670 1388 lat
1695 1341 1793 1395 jam
1812 1340 1979 1396 secuti,
1995 1359 2089 1407 pro

334 1409 723 1471 complemento
745 1442 759 1458 ,
792 1406 934 1455 filum
958 1420 1165 1467 quoque
1186 1404 1249 1453 ab
1272 1404 1444 1453 Ethica
1467 1417 1712 1468 petamus.
1813 1405 1986 1470 Quem
2010 1408 2093 1456 illa

331 1471 649 1534 Philosophis
686 1469 1027 1533 labyrinthum
1057 1472 1209 1532 aperit
1239 1471 1253 1516 ἒ
1290 1483 1410 1530 quas
1447 1469 1683 1531 implexas
1711 1470 1763 1516 in
1800 1468 2090 1534 labyrintho

335 1537 474 1585 vias?
512 1537 640 1604 Qae
678 1533 948 1598 mysteria?
999 1547 1151 1594 quam
1183 1532 1444 1581 Ariadnen
1471 1534 1486 1578 ἒ
1515 1531 1657 1592 quod
1681 1531 1861 1581 filum?
1926 1536 2088 1588 MEL,·

333 1598 602 1648 Arcanum
627 1592 696 1645 est
720 1599 952 1649 unicum,
977 1595 1121 1658 quod
1148 1591 1376 1658 mysteria
1397 1594 1614 1658 Phyficae
1642 1593 1797 1660 longe
1818 1596 2087 1661 exsuperat.

330 1660 668 1725 Labyrinthus
691 1657 760 1709 est
781 1659 997 1709 mundus
1020 1675 1034 1710 5
1068 1655 1216 1707 status
1237 1660 1289 1706 in
1305 1657 1505 1707 mundo
1526 1658 1643 1714 varii
1658 1692 1669 1711 ‚
1684 1662 1828 1708 variae
1842 1662 1958 1712 viae3
1982 1676 2090 1724 my-

333 1720 537 1773 sterium
555 1725 833 1779 ,Vocati03
864 1723 1562 1776 Ariadne‚DivinaNuminis
1586 1723 1935 1773 Providentia3
1971 1724 2092 1772 deli-

329 1787 523 1837 beratio
541 1821 555 1842 ,
579 1787 740 1837 filum.
816 1789 936 1836 Hoc
958 1787 1226 1850 negotium
1248 1783 1404 1849 Sophi
1424 1787 1714 1849 prim-arium
1728 1819 1742 1838 ‚
1773 1790 1888 1849 quia
1906 1802 1962 1833 ex
1983 1786 2089 1836 hoc

330 1852 558 1916 pendent
579 1853 783 1914 negotia
803 1864 1001 1899 caetera:
1058 1850 1160 1897 hoc
1196 1849 1317 1898 illud
1354 1865 1480 1893 unum
1506 1845 1572 1896 est
1597 1848 1891 1907 neceffizrimz,
1927 1846 1953 1898 ὲ
1979 1865 2088 1914 quo

328 1915 518 1979 pendet
540 1916 781 1979 praesentis
801 1917 912 1963 vitae
932 1913 1160 1963 felicitas,
1178 1912 1353 1961 futurae
1366 1912 1503 1960 salus.
1573 1914 1631 1961 In
1650 1912 1936 1976 labyrintho
1959 1914 2088 1981 Phy-

330 1978 433 2029 sico
453 1978 486 2027 fi
506 1980 711 2027 rationi&
731 1978 873 2026 filum
897 1990 946 2024 te
980 1976 1118 2026 subin
1149 1973 1403 2028 destituat,
1424 1974 1692 2024 modicum
1723 1973 1794 2024 est
1814 1977 2087 2029 detrimen-

329 2052 466 2093 tums
498 2044 549 2089 in
568 2042 672 2090 hoc
692 2040 726 2090 si
752 2042 780 2091 a
800 2043 880 2090 via
907 2040 1130 2094 aberres,
1151 2052 1393 2088 aeternum
1417 2038 1748 2102 dispendium.
1845 2043 1908 2090 Et
1923 2056 1989 2090 ne
2010 2044 2087 2093 so-

330 2103 607 2154 lummodo
630 2106 781 2154 verba
797 2121 883 2155 me
904 2104 993 2153 tibi
1010 2103 1126 2153 dare
1147 2099 1406 2155 existimes,
1420 2103 1528 2164 plus
1550 2115 1755 2152 eentum
1779 2105 1940 2154 verbis
1958 2123 2086 2172 pon-

333 2167 564 2215 derosam
581 2168 695 2216 audi
715 2170 1043 2220 Sententiam,
1065 2182 1162 2230 qua
1180 2165 1284 2215 haec
1303 2168 1572 2216 confirmat
1597 2167 1665 2215 D.
1681 2168 1973 2232 Gregorius,
1986 2173 2085 2221 Lu-

334 2245 455 2278 men
478 2229 600 2277 illud
621 2265 633 2285 ‚
664 2233 804 2292 quod
831 2233 1062 2284 univer-ste
1083 2229 1307 2281 Ecclcfiae
1329 2233 1645 2280 Nazianzum
1668 2232 1912 2282 accendit.
2004 2236 2086 2285 Sic

88 2297 306 2354 φακες,
337 2292 445 2341 ille:
484 2296 651 2340 certam
669 2299 767 2340 vitae
783 2309 912 2352 gemes
929 2297 1177 2352 constituere
1196 2311 1263 2340 res
1282 2293 1334 2347 est
1357 2298 1472 2341 tanti
1491 2298 1718 2346 momenti,
1741 2310 1792 2342 ut
1812 2299 1946 2344 totius
1964 2301 2078 2349 vitae,

339 2356 414 2404 vel
441 2356 551 2403 refv‘e*
567 2392 576 2404 ,
600 2358 672 2403 vel
693 2358 802 2404 male}
820 2361 1078 2407 traducendae
1090 2358 1414 2415 fimdamentnm
1432 2364 1476 2406 in
1498 2374 1545 2403 eo
1562 2357 1621 2416 fit
1632 2358 1830 2417 positum.
1920 2360 2079 2408 Perci-

339 2421 442 2486 pite
461 2420 617 2486 Sophi
632 2456 643 2475 ,
666 2434 791 2483 quot
811 2423 960 2471 vei-ba
975 2457 988 2477 ‚
1009 2437 1086 2473 tot
1106 2424 1292 2482 signate
1316 2420 1542 2484 mysteria
1559 2454 1572 2473 ‚
1597 2436 1706 2470 non
1734 2419 1897 2471 vestro
1914 2419 2080 2470 solum

337 2483 486 2560 digna
506 2485 725 2557 ingenio,
746 2484 997 2557 sed-etiam
1017 2476 1390 2543 aeterfia‚1ificri
1410 2481 1589 2551 potest,
1609 2480 1872 2533 memoria.
1939 2484 2081 2532 Nam

333 2547 453 2606 hcet
473 2550 664 2604 Divina
682 2551 920 2603 Numinis
942 2551 1282 2610 Providentia,
1306 2550 1370 2604 ad
1391 2565 1552 2602 unum
1575 2562 1750 2601 omnes
1770 2561 1862 2609 vos
1882 2548 2000 2621 velit
2020 2563 2082 2598 ae.

1813 2621 2013 2663 ternum

2174 1165 2175 1200 l

2171 1337 2175 1469 ἕ

2171 1474 2175 1524 l
