<?xml version="1.0" encoding="UTF-8"?>
<!DOCTYPE html PUBLIC "-//W3C//DTD XHTML 1.0 Transitional//EN"
    "http://www.w3.org/TR/xhtml1/DTD/xhtml1-transitional.dtd">
<html xmlns="http://www.w3.org/1999/xhtml" xml:lang="en" lang="en">
 <head>
  <title>
</title>
<meta http-equiv="Content-Type" content="text/html;charset=utf-8" />
  <meta name='ocr-system' content='tesseract 3.04.00' />
  <meta name='ocr-capabilities' content='ocr_page ocr_carea ocr_par ocr_line ocrx_word'/>
</head>
<body>
  <div class='ocr_page' id='page_1' title='image "./nostritemporisph00schw/nostritemporisph00schw_0445.png"; bbox 0 0 2175 2911; ppageno 0'>
   <div class='ocr_carea' id='block_1_1' title="bbox 685 154 1725 223">
    <p class='ocr_par' dir='ltr' id='par_1_1' title="bbox 685 154 1725 223">
     <span class='ocr_line' id='line_1_1' title="bbox 685 154 1725 223; baseline 0.003 -19"><span class='ocrx_word' id='word_1_1' title='bbox 685 157 880 204; x_wconf 73' lang='lat' dir='ltr'>Ariaa&#39;ne</span> <span class='ocrx_word' id='word_1_2' title='bbox 902 154 1092 217; x_wconf 69' lang='lat' dir='ltr'>Physica.</span> <span class='ocrx_word' id='word_1_3' title='bbox 1634 173 1656 212; x_wconf 76' lang='grc' dir='ltr'><strong>ι</strong></span> <span class='ocrx_word' id='word_1_4' title='bbox 1669 174 1725 223; x_wconf 80' lang='lat'>53-</span> 
     </span>
    </p>
   </div>
   <div class='ocr_carea' id='block_1_2' title="bbox 0 247 2001 2582">
    <p class='ocr_par' dir='ltr' id='par_1_2' title="bbox 40 247 1806 1508">
     <span class='ocr_line' id='line_1_2' title="bbox 40 247 1797 319; baseline -0.001 -17"><span class='ocrx_word' id='word_1_5' title='bbox 40 249 148 316; x_wconf 74' lang='lat' dir='ltr'>quo</span> <span class='ocrx_word' id='word_1_6' title='bbox 175 250 338 302; x_wconf 68' lang='lat' dir='ltr'>minsis</span> <span class='ocrx_word' id='word_1_7' title='bbox 367 249 750 313; x_wconf 51' lang='lat' dir='ltr'>miraculosam„</span> <span class='ocrx_word' id='word_1_8' title='bbox 832 252 935 311; x_wconf 73' lang='lat' dir='ltr'>Qis</span> <span class='ocrx_word' id='word_1_9' title='bbox 957 266 1038 296; x_wconf 82' lang='lat' dir='ltr'>non</span> <span class='ocrx_word' id='word_1_10' title='bbox 1067 247 1342 313; x_wconf 69' lang='lat' dir='ltr'>obstupeftat‚</span> <span class='ocrx_word' id='word_1_11' title='bbox 1363 249 1399 306; x_wconf 78' lang='lat' dir='ltr'><strong>fi</strong></span> <span class='ocrx_word' id='word_1_12' title='bbox 1423 249 1616 308; x_wconf 83' lang='lat' dir='ltr'>videat,</span> <span class='ocrx_word' id='word_1_13' title='bbox 1647 251 1797 319; x_wconf 68' lang='lat' dir='ltr'>quod</span> 
     </span>
     <span class='ocr_line' id='line_1_3' title="bbox 42 312 1796 381; baseline 0.002 -15"><span class='ocrx_word' id='word_1_14' title='bbox 42 316 173 366; x_wconf 87' lang='lat' dir='ltr'>hanc</span> <span class='ocrx_word' id='word_1_15' title='bbox 198 317 434 367; x_wconf 85' lang='lat' dir='ltr'>virtutem</span> <span class='ocrx_word' id='word_1_16' title='bbox 457 331 550 364; x_wconf 90' lang='lat' dir='ltr'>nec</span> <span class='ocrx_word' id='word_1_17' title='bbox 569 314 845 379; x_wconf 81' lang='lat' dir='ltr'>impediant</span> <span class='ocrx_word' id='word_1_18' title='bbox 862 312 1148 370; x_wconf 80' lang='lat' dir='ltr'>interposita</span> <span class='ocrx_word' id='word_1_19' title='bbox 1168 317 1495 381; x_wconf 81' lang='lat' dir='ltr'>corpora,nifi</span> <span class='ocrx_word' id='word_1_20' title='bbox 1511 317 1667 368; x_wconf 86' lang='lat' dir='ltr'>ferrea</span> <span class='ocrx_word' id='word_1_21' title='bbox 1691 319 1796 370; x_wconf 81' lang='lat' dir='ltr'>for·</span> 
     </span>
     <span class='ocr_line' id='line_1_4' title="bbox 44 375 1793 445; baseline 0.002 -18"><span class='ocrx_word' id='word_1_22' title='bbox 44 379 151 433; x_wconf 81' lang='lat' dir='ltr'>san,</span> <span class='ocrx_word' id='word_1_23' title='bbox 175 394 285 442; x_wconf 86' lang='lat' dir='ltr'>quae</span> <span class='ocrx_word' id='word_1_24' title='bbox 310 376 534 442; x_wconf 84' lang='lat' dir='ltr'>diffipant</span> <span class='ocrx_word' id='word_1_25' title='bbox 560 380 663 427; x_wconf 85' lang='lat' dir='ltr'>vim</span> <span class='ocrx_word' id='word_1_26' title='bbox 691 376 1028 426; x_wconf 61' lang='lat' dir='ltr'>attractivam?</span> <span class='ocrx_word' id='word_1_27' title='bbox 1076 375 1218 438; x_wconf 77' lang='lat' dir='ltr'>quod</span> <span class='ocrx_word' id='word_1_28' title='bbox 1249 381 1498 445; x_wconf 84' lang='lat' dir='ltr'>applicato</span> <span class='ocrx_word' id='word_1_29' title='bbox 1523 381 1793 444; x_wconf 79' lang='lat' dir='ltr'>Magnete,</span> 
     </span>
     <span class='ocr_line' id='line_1_5' title="bbox 45 438 1796 509; baseline 0.002 -19"><span class='ocrx_word' id='word_1_30' title='bbox 45 445 255 506; x_wconf 88' lang='lat' dir='ltr'>Magnes</span> <span class='ocrx_word' id='word_1_31' title='bbox 276 442 491 489; x_wconf 88' lang='lat' dir='ltr'>dimittat</span> <span class='ocrx_word' id='word_1_32' title='bbox 513 442 718 493; x_wconf 80' lang='lat' dir='ltr'>ferrum,</span> <span class='ocrx_word' id='word_1_33' title='bbox 733 442 846 504; x_wconf 87' lang='lat' dir='ltr'>quia</span> <span class='ocrx_word' id='word_1_34' title='bbox 860 438 1024 489; x_wconf 79' lang='lat' dir='ltr'>minus</span> <span class='ocrx_word' id='word_1_35' title='bbox 1043 441 1295 492; x_wconf 75' lang='lat' dir='ltr'>amicum?</span> <span class='ocrx_word' id='word_1_36' title='bbox 1331 441 1476 506; x_wconf 82' lang='lat' dir='ltr'>quod</span> <span class='ocrx_word' id='word_1_37' title='bbox 1503 442 1635 499; x_wconf 72' lang='lat' dir='ltr'>juxta</span> <span class='ocrx_word' id='word_1_38' title='bbox 1664 444 1796 509; x_wconf 63' lang='lat' dir='ltr'>poli-</span> 
     </span>
     <span class='ocr_line' id='line_1_6' title="bbox 50 501 1799 573; baseline 0.002 -21"><span class='ocrx_word' id='word_1_39' title='bbox 50 517 107 552; x_wconf 90' lang='lat' dir='ltr'>to</span> <span class='ocrx_word' id='word_1_40' title='bbox 132 505 395 553; x_wconf 84' lang='lat' dir='ltr'>adamante</span> <span class='ocrx_word' id='word_1_41' title='bbox 419 504 607 552; x_wconf 84' lang='lat' dir='ltr'>ferrum</span> <span class='ocrx_word' id='word_1_42' title='bbox 635 519 742 552; x_wconf 89' lang='lat' dir='ltr'>non</span> <span class='ocrx_word' id='word_1_43' title='bbox 771 501 934 553; x_wconf 76' lang='lat' dir='ltr'>modo</span> <span class='ocrx_word' id='word_1_44' title='bbox 958 517 1069 553; x_wconf 86' lang='lat' dir='ltr'>non</span> <span class='ocrx_word' id='word_1_45' title='bbox 1096 505 1250 567; x_wconf 79' lang='lat' dir='ltr'>rapiat</span> <span class='ocrx_word' id='word_1_46' title='bbox 1271 538 1285 559; x_wconf 84' lang='lat'>‚</span> <span class='ocrx_word' id='word_1_47' title='bbox 1308 505 1389 556; x_wconf 90' lang='lat' dir='ltr'>sed</span> <span class='ocrx_word' id='word_1_48' title='bbox 1412 508 1565 556; x_wconf 87' lang='lat' dir='ltr'>etiam</span> <span class='ocrx_word' id='word_1_49' title='bbox 1594 519 1799 573; x_wconf 86' lang='lat' dir='ltr'>raptum</span> 
     </span>
     <span class='ocr_line' id='line_1_7' title="bbox 54 564 1798 632; baseline 0.002 -17"><span class='ocrx_word' id='word_1_50' title='bbox 54 568 298 617; x_wconf 76' lang='lat' dir='ltr'>dimittat?</span> <span class='ocrx_word' id='word_1_51' title='bbox 335 570 436 626; x_wconf 65' lang='lat' dir='ltr'>ins</span> <span class='ocrx_word' id='word_1_52' title='bbox 455 584 533 613; x_wconf 85' lang='lat' dir='ltr'>non</span> <span class='ocrx_word' id='word_1_53' title='bbox 553 565 824 627; x_wconf 78' lang='lat' dir='ltr'>obstupescat,</span> <span class='ocrx_word' id='word_1_54' title='bbox 847 564 990 628; x_wconf 79' lang='lat' dir='ltr'>quod</span> <span class='ocrx_word' id='word_1_55' title='bbox 1008 564 1220 628; x_wconf 83' lang='lat' dir='ltr'>Magnes</span> <span class='ocrx_word' id='word_1_56' title='bbox 1247 568 1457 618; x_wconf 83' lang='lat' dir='ltr'>attrahat</span> <span class='ocrx_word' id='word_1_57' title='bbox 1469 570 1765 632; x_wconf 82' lang='lat' dir='ltr'>Magnetem</span> <span class='ocrx_word' id='word_1_58' title='bbox 1778 601 1798 629; x_wconf 78' lang='grc'><strong>.</strong></span> 
     </span>
     <span class='ocr_line' id='line_1_8' title="bbox 46 628 1797 694; baseline 0.002 -15"><span class='ocrx_word' id='word_1_59' title='bbox 46 630 82 679; x_wconf 83' lang='lat' dir='ltr'><strong>fi</strong></span> <span class='ocrx_word' id='word_1_60' title='bbox 107 631 380 694; x_wconf 84' lang='lat' dir='ltr'>conjungas</span> <span class='ocrx_word' id='word_1_61' title='bbox 398 630 553 679; x_wconf 90' lang='lat' dir='ltr'>Polos</span> <span class='ocrx_word' id='word_1_62' title='bbox 579 631 786 683; x_wconf 89' lang='lat' dir='ltr'>amicos,</span> <span class='ocrx_word' id='word_1_63' title='bbox 801 628 833 678; x_wconf 88' lang='lat' dir='ltr'>fi</span> <span class='ocrx_word' id='word_1_64' title='bbox 858 630 1109 682; x_wconf 84' lang='lat' dir='ltr'>inimicos,</span> <span class='ocrx_word' id='word_1_65' title='bbox 1127 630 1359 692; x_wconf 77' lang='lat' dir='ltr'>repellat?</span> <span class='ocrx_word' id='word_1_66' title='bbox 1394 629 1539 694; x_wconf 78' lang='lat' dir='ltr'>quod</span> <span class='ocrx_word' id='word_1_67' title='bbox 1558 634 1721 688; x_wconf 84' lang='lat' dir='ltr'>maior</span> <span class='ocrx_word' id='word_1_68' title='bbox 1742 635 1797 689; x_wconf 83' lang='lat' dir='ltr'>in</span> 
     </span>
     <span class='ocr_line' id='line_1_9' title="bbox 49 690 1795 758; baseline 0.002 -17"><span class='ocrx_word' id='word_1_69' title='bbox 49 690 248 742; x_wconf 84' lang='lat' dir='ltr'>instanti</span> <span class='ocrx_word' id='word_1_70' title='bbox 267 694 453 741; x_wconf 82' lang='lat' dir='ltr'>adimat</span> <span class='ocrx_word' id='word_1_71' title='bbox 482 694 669 741; x_wconf 88' lang='lat' dir='ltr'>minori</span> <span class='ocrx_word' id='word_1_72' title='bbox 691 693 841 745; x_wconf 85' lang='lat' dir='ltr'>vires,</span> <span class='ocrx_word' id='word_1_73' title='bbox 864 705 984 754; x_wconf 87' lang='lat' dir='ltr'>quas</span> <span class='ocrx_word' id='word_1_74' title='bbox 1009 705 1120 741; x_wconf 90' lang='lat' dir='ltr'>non</span> <span class='ocrx_word' id='word_1_75' title='bbox 1136 690 1223 741; x_wconf 83' lang='lat' dir='ltr'>nifi</span> <span class='ocrx_word' id='word_1_76' title='bbox 1243 694 1370 743; x_wconf 87' lang='lat' dir='ltr'>intra</span> <span class='ocrx_word' id='word_1_77' title='bbox 1392 694 1540 743; x_wconf 83' lang='lat' dir='ltr'>tridui</span> <span class='ocrx_word' id='word_1_78' title='bbox 1563 693 1795 758; x_wconf 84' lang='lat' dir='ltr'>spatium,</span> 
     </span>
     <span class='ocr_line' id='line_1_10' title="bbox 45 750 1795 818; baseline 0.002 -14"><span class='ocrx_word' id='word_1_79' title='bbox 45 754 218 804; x_wconf 79' lang='lat' dir='ltr'>denuo</span> <span class='ocrx_word' id='word_1_80' title='bbox 239 755 574 818; x_wconf 78' lang='lat' dir='ltr'>recuperabit?</span> <span class='ocrx_word' id='word_1_81' title='bbox 610 750 753 816; x_wconf 78' lang='lat' dir='ltr'>quod</span> <span class='ocrx_word' id='word_1_82' title='bbox 773 753 990 816; x_wconf 90' lang='lat' dir='ltr'>denique</span> <span class='ocrx_word' id='word_1_83' title='bbox 1018 756 1284 809; x_wconf 84' lang='lat' dir='ltr'>virtutem,</span> <span class='ocrx_word' id='word_1_84' title='bbox 1312 756 1495 806; x_wconf 61' lang='lat' dir='ltr'>attactu</span> <span class='ocrx_word' id='word_1_85' title='bbox 1520 757 1629 807; x_wconf 88' lang='lat' dir='ltr'>solo</span> <span class='ocrx_word' id='word_1_86' title='bbox 1649 773 1795 808; x_wconf 87' lang='lat' dir='ltr'>com·</span> 
     </span>
     <span class='ocr_line' id='line_1_11' title="bbox 49 813 1796 883; baseline 0.002 -17"><span class='ocrx_word' id='word_1_87' title='bbox 49 820 297 868; x_wconf 85' lang='lat' dir='ltr'>municet‚</span> <span class='ocrx_word' id='word_1_88' title='bbox 321 816 384 864; x_wconf 76' lang='lat' dir='ltr'>lic</span> <span class='ocrx_word' id='word_1_89' title='bbox 399 849 410 869; x_wconf 87' lang='lat'>‚</span> <span class='ocrx_word' id='word_1_90' title='bbox 433 828 488 864; x_wconf 86' lang='lat' dir='ltr'>ut</span> <span class='ocrx_word' id='word_1_91' title='bbox 505 815 734 863; x_wconf 59' lang='lat' dir='ltr'>attractus</span> <span class='ocrx_word' id='word_1_92' title='bbox 755 813 782 863; x_wconf 82' lang='grc' dir='ltr'>ὲ</span> <span class='ocrx_word' id='word_1_93' title='bbox 808 815 1252 880; x_wconf 80' lang='lat' dir='ltr'>chalybe-annulus</span> <span class='ocrx_word' id='word_1_94' title='bbox 1267 850 1279 871; x_wconf 83' lang='lat'>‚</span> <span class='ocrx_word' id='word_1_95' title='bbox 1304 817 1549 867; x_wconf 79' lang='lat' dir='ltr'>attrahere</span> <span class='ocrx_word' id='word_1_96' title='bbox 1582 833 1796 883; x_wconf 87' lang='lat' dir='ltr'>quoque</span> 
     </span>
     <span class='ocr_line' id='line_1_12' title="bbox 43 876 1799 945; baseline 0.002 -17"><span class='ocrx_word' id='word_1_97' title='bbox 43 879 189 945; x_wconf 83' lang='lat' dir='ltr'>pollit</span> <span class='ocrx_word' id='word_1_98' title='bbox 208 877 430 929; x_wconf 80' lang='lat' dir='ltr'>affinem,</span> <span class='ocrx_word' id='word_1_99' title='bbox 454 877 533 924; x_wconf 85' lang='lat' dir='ltr'>hic.</span> <span class='ocrx_word' id='word_1_100' title='bbox 558 876 728 926; x_wconf 80' lang='lat' dir='ltr'>denuo</span> <span class='ocrx_word' id='word_1_101' title='bbox 750 877 836 926; x_wconf 84' lang='lat' dir='ltr'>sibi</span> <span class='ocrx_word' id='word_1_102' title='bbox 859 882 1222 945; x_wconf 84' lang='lat' dir='ltr'>propinquum,</span> <span class='ocrx_word' id='word_1_103' title='bbox 1243 883 1294 929; x_wconf 64' lang='grc' dir='ltr'>ἀ</span> <span class='ocrx_word' id='word_1_104' title='bbox 1315 879 1378 929; x_wconf 82' lang='lat' dir='ltr'>fic</span> <span class='ocrx_word' id='word_1_105' title='bbox 1404 880 1655 943; x_wconf 84' lang='lat' dir='ltr'>deinceps,</span> <span class='ocrx_word' id='word_1_106' title='bbox 1670 883 1799 933; x_wconf 83' lang='lat' dir='ltr'>dum</span> 
     </span>
     <span class='ocr_line' id='line_1_13' title="bbox 45 939 1801 1000; baseline 0.002 -10"><span class='ocrx_word' id='word_1_107' title='bbox 45 942 249 990; x_wconf 87' lang='lat' dir='ltr'>tandem</span> <span class='ocrx_word' id='word_1_108' title='bbox 271 939 372 987; x_wconf 81' lang='lat' dir='ltr'>fine</span> <span class='ocrx_word' id='word_1_109' title='bbox 395 954 524 988; x_wconf 82' lang='lat' dir='ltr'>nexu</span> <span class='ocrx_word' id='word_1_110' title='bbox 547 955 777 989; x_wconf 85' lang='lat' dir='ltr'>connexa</span> <span class='ocrx_word' id='word_1_111' title='bbox 800 942 851 989; x_wconf 90' lang='lat' dir='ltr'>in</span> <span class='ocrx_word' id='word_1_112' title='bbox 872 944 985 991; x_wconf 74' lang='lat' dir='ltr'>aere</span> <span class='ocrx_word' id='word_1_113' title='bbox 1005 943 1233 992; x_wconf 86' lang='lat' dir='ltr'>catenula</span> <span class='ocrx_word' id='word_1_114' title='bbox 1252 942 1449 998; x_wconf 66' lang='lat' dir='ltr'>haereat,</span> <span class='ocrx_word' id='word_1_115' title='bbox 1465 945 1546 993; x_wconf 87' lang='lat' dir='ltr'>cui</span> <span class='ocrx_word' id='word_1_116' title='bbox 1564 945 1801 1000; x_wconf 73' lang='lat' dir='ltr'>similem,</span> 
     </span>
     <span class='ocr_line' id='line_1_14' title="bbox 42 1001 1804 1070; baseline 0.004 -19"><span class='ocrx_word' id='word_1_117' title='bbox 42 1018 138 1052; x_wconf 89' lang='lat' dir='ltr'>nee</span> <span class='ocrx_word' id='word_1_118' title='bbox 157 1002 251 1067; x_wconf 86' lang='lat' dir='ltr'>ipse</span> <span class='ocrx_word' id='word_1_119' title='bbox 274 1002 553 1056; x_wconf 82' lang='lat' dir='ltr'>Mulciber,</span> <span class='ocrx_word' id='word_1_120' title='bbox 578 1001 684 1059; x_wconf 86' lang='lat' dir='ltr'>Diis</span> <span class='ocrx_word' id='word_1_121' title='bbox 716 1006 938 1068; x_wconf 88' lang='lat' dir='ltr'>primum</span> <span class='ocrx_word' id='word_1_122' title='bbox 953 1004 1153 1055; x_wconf 87' lang='lat' dir='ltr'>daturus</span> <span class='ocrx_word' id='word_1_123' title='bbox 1181 1005 1461 1070; x_wconf 83' lang='lat' dir='ltr'>specimen,</span> <span class='ocrx_word' id='word_1_124' title='bbox 1491 1003 1804 1058; x_wconf 65' lang='lat' dir='ltr'>fabricaffet?</span> 
     </span>
     <span class='ocr_line' id='line_1_15' title="bbox 43 1064 1802 1133; baseline 0.004 -19"><span class='ocrx_word' id='word_1_125' title='bbox 43 1066 176 1116; x_wconf 89' lang='lat' dir='ltr'>Illud</span> <span class='ocrx_word' id='word_1_126' title='bbox 202 1078 373 1113; x_wconf 76' lang='lat' dir='ltr'>tamen</span> <span class='ocrx_word' id='word_1_127' title='bbox 393 1064 474 1113; x_wconf 80' lang='lat' dir='ltr'>hic</span> <span class='ocrx_word' id='word_1_128' title='bbox 495 1065 674 1118; x_wconf 86' lang='lat' dir='ltr'>obiter,</span> <span class='ocrx_word' id='word_1_129' title='bbox 694 1066 872 1120; x_wconf 83' lang='lat' dir='ltr'>velim,</span> <span class='ocrx_word' id='word_1_130' title='bbox 891 1080 1038 1116; x_wconf 87' lang='lat' dir='ltr'>notes</span> <span class='ocrx_word' id='word_1_131' title='bbox 1059 1101 1073 1122; x_wconf 87' lang='lat'>‚</span> <span class='ocrx_word' id='word_1_132' title='bbox 1103 1070 1342 1117; x_wconf 84' lang='lat' dir='ltr'>virtutem</span> <span class='ocrx_word' id='word_1_133' title='bbox 1360 1070 1708 1133; x_wconf 87' lang='lat' dir='ltr'>Magneticam</span> <span class='ocrx_word' id='word_1_134' title='bbox 1731 1070 1802 1121; x_wconf 86' lang='lat' dir='ltr'>sat</span> 
     </span>
     <span class='ocr_line' id='line_1_16' title="bbox 46 1127 1806 1195; baseline 0.004 -19"><span class='ocrx_word' id='word_1_135' title='bbox 46 1129 310 1177; x_wconf 80' lang='lat' dir='ltr'>delicatam</span> <span class='ocrx_word' id='word_1_136' title='bbox 326 1161 337 1181; x_wconf 90' lang='lat'>‚</span> <span class='ocrx_word' id='word_1_137' title='bbox 355 1130 470 1190; x_wconf 87' lang='lat' dir='ltr'>quia</span> <span class='ocrx_word' id='word_1_138' title='bbox 488 1139 623 1176; x_wconf 84' lang='lat' dir='ltr'>amat</span> <span class='ocrx_word' id='word_1_139' title='bbox 641 1128 915 1177; x_wconf 86' lang='lat' dir='ltr'>culturam:</span> <span class='ocrx_word' id='word_1_140' title='bbox 951 1131 1144 1179; x_wconf 87' lang='lat' dir='ltr'>intendi</span> <span class='ocrx_word' id='word_1_141' title='bbox 1163 1127 1345 1195; x_wconf 85' lang='lat' dir='ltr'>potest,</span> <span class='ocrx_word' id='word_1_142' title='bbox 1365 1143 1518 1194; x_wconf 86' lang='lat' dir='ltr'>atque</span> <span class='ocrx_word' id='word_1_143' title='bbox 1536 1133 1806 1190; x_wconf 74' lang='lat' dir='ltr'>debilitari,</span> 
     </span>
     <span class='ocr_line' id='line_1_17' title="bbox 46 1189 1803 1257; baseline 0.003 -16"><span class='ocrx_word' id='word_1_144' title='bbox 46 1190 157 1241; x_wconf 76' lang='lat' dir='ltr'>imo</span> <span class='ocrx_word' id='word_1_145' title='bbox 177 1192 370 1256; x_wconf 73' lang='lat' dir='ltr'>penitus</span> <span class='ocrx_word' id='word_1_146' title='bbox 393 1189 590 1239; x_wconf 87' lang='lat' dir='ltr'>destrui.</span> <span class='ocrx_word' id='word_1_147' title='bbox 691 1193 811 1254; x_wconf 89' lang='lat' dir='ltr'>Igne</span> <span class='ocrx_word' id='word_1_148' title='bbox 841 1192 1126 1257; x_wconf 82' lang='lat' dir='ltr'>deperditur</span> <span class='ocrx_word' id='word_1_149' title='bbox 1159 1193 1231 1242; x_wconf 84' lang='lat' dir='ltr'>vis</span> <span class='ocrx_word' id='word_1_150' title='bbox 1260 1193 1542 1251; x_wconf 63' lang='lat' dir='ltr'>attractiva,</span> <span class='ocrx_word' id='word_1_151' title='bbox 1564 1212 1686 1247; x_wconf 90' lang='lat' dir='ltr'>nam</span> <span class='ocrx_word' id='word_1_152' title='bbox 1714 1212 1803 1246; x_wconf 90' lang='lat' dir='ltr'>co-</span> 
     </span>
     <span class='ocr_line' id='line_1_18' title="bbox 47 1252 1802 1324; baseline 0.003 -22"><span class='ocrx_word' id='word_1_153' title='bbox 47 1256 103 1303; x_wconf 88' lang='lat' dir='ltr'>lit</span> <span class='ocrx_word' id='word_1_154' title='bbox 132 1255 316 1304; x_wconf 86' lang='lat' dir='ltr'>amoris</span> <span class='ocrx_word' id='word_1_155' title='bbox 340 1253 566 1301; x_wconf 79' lang='lat' dir='ltr'>indolem</span> <span class='ocrx_word' id='word_1_156' title='bbox 583 1287 595 1307; x_wconf 82' lang='lat'>‚</span> <span class='ocrx_word' id='word_1_157' title='bbox 615 1253 695 1302; x_wconf 89' lang='lat' dir='ltr'>sed</span> <span class='ocrx_word' id='word_1_158' title='bbox 724 1253 825 1301; x_wconf 72' lang='lat' dir='ltr'>line</span> <span class='ocrx_word' id='word_1_159' title='bbox 853 1255 1014 1303; x_wconf 83' lang='lat' dir='ltr'>taedis:</span> <span class='ocrx_word' id='word_1_160' title='bbox 1052 1252 1196 1318; x_wconf 75' lang='lat' dir='ltr'>quod</span> <span class='ocrx_word' id='word_1_161' title='bbox 1221 1255 1254 1303; x_wconf 85' lang='lat' dir='ltr'>si</span> <span class='ocrx_word' id='word_1_162' title='bbox 1282 1256 1524 1321; x_wconf 87' lang='lat' dir='ltr'>lingulam</span> <span class='ocrx_word' id='word_1_163' title='bbox 1546 1261 1802 1324; x_wconf 82' lang='lat' dir='ltr'>Magnetis</span> 
     </span>
     <span class='ocr_line' id='line_1_19' title="bbox 49 1313 1804 1378; baseline 0.003 -14"><span class='ocrx_word' id='word_1_164' title='bbox 49 1318 277 1367; x_wconf 82' lang='lat' dir='ltr'>incurves</span> <span class='ocrx_word' id='word_1_165' title='bbox 303 1349 316 1371; x_wconf 86' lang='lat'>‚</span> <span class='ocrx_word' id='word_1_166' title='bbox 339 1318 420 1363; x_wconf 81' lang='lat' dir='ltr'>vel</span> <span class='ocrx_word' id='word_1_167' title='bbox 449 1319 762 1364; x_wconf 82' lang='lat' dir='ltr'>incurvatam</span> <span class='ocrx_word' id='word_1_168' title='bbox 784 1313 1005 1365; x_wconf 81' lang='lat' dir='ltr'>restituas</span> <span class='ocrx_word' id='word_1_169' title='bbox 1027 1318 1335 1367; x_wconf 64' lang='lat' dir='ltr'>indirectum</span> <span class='ocrx_word' id='word_1_170' title='bbox 1352 1351 1364 1372; x_wconf 88' lang='lat'>,</span> <span class='ocrx_word' id='word_1_171' title='bbox 1386 1335 1495 1368; x_wconf 90' lang='lat' dir='ltr'>non</span> <span class='ocrx_word' id='word_1_172' title='bbox 1525 1319 1804 1378; x_wconf 81' lang='lat' dir='ltr'>restituisti,</span> 
     </span>
     <span class='ocr_line' id='line_1_20' title="bbox 48 1375 1804 1434; baseline 0.003 -5"><span class='ocrx_word' id='word_1_173' title='bbox 48 1379 131 1430; x_wconf 91' lang='lat' dir='ltr'>sed</span> <span class='ocrx_word' id='word_1_174' title='bbox 153 1375 438 1428; x_wconf 81' lang='lat' dir='ltr'>destruxisti.</span> <span class='ocrx_word' id='word_1_175' title='bbox 537 1376 736 1427; x_wconf 74' lang='lat' dir='ltr'>Contra</span> <span class='ocrx_word' id='word_1_176' title='bbox 758 1378 1072 1427; x_wconf 84' lang='lat' dir='ltr'>conservabis</span> <span class='ocrx_word' id='word_1_177' title='bbox 1091 1381 1353 1431; x_wconf 78' lang='lat' dir='ltr'>virtutem,</span> <span class='ocrx_word' id='word_1_178' title='bbox 1380 1381 1414 1429; x_wconf 86' lang='lat' dir='ltr'>fi</span> <span class='ocrx_word' id='word_1_179' title='bbox 1441 1382 1635 1432; x_wconf 89' lang='lat' dir='ltr'>dederis</span> <span class='ocrx_word' id='word_1_180' title='bbox 1657 1383 1804 1434; x_wconf 85' lang='lat' dir='ltr'>liber-</span> 
     </span>
     <span class='ocr_line' id='line_1_21' title="bbox 46 1440 1803 1508; baseline 0.002 -16"><span class='ocrx_word' id='word_1_181' title='bbox 46 1455 205 1492; x_wconf 85' lang='lat' dir='ltr'>tatem</span> <span class='ocrx_word' id='word_1_182' title='bbox 232 1443 278 1492; x_wconf 89' lang='lat' dir='ltr'>se</span> <span class='ocrx_word' id='word_1_183' title='bbox 309 1440 640 1493; x_wconf 85' lang='lat' dir='ltr'>convertendi</span> <span class='ocrx_word' id='word_1_184' title='bbox 670 1440 733 1489; x_wconf 89' lang='lat' dir='ltr'>ad</span> <span class='ocrx_word' id='word_1_185' title='bbox 770 1440 953 1490; x_wconf 88' lang='lat' dir='ltr'>Polos:</span> <span class='ocrx_word' id='word_1_186' title='bbox 990 1457 1112 1489; x_wconf 87' lang='lat' dir='ltr'>nam</span> <span class='ocrx_word' id='word_1_187' title='bbox 1135 1441 1237 1489; x_wconf 83' lang='lat' dir='ltr'>fine</span> <span class='ocrx_word' id='word_1_188' title='bbox 1271 1441 1463 1491; x_wconf 89' lang='lat' dir='ltr'>horum</span> <span class='ocrx_word' id='word_1_189' title='bbox 1491 1444 1687 1508; x_wconf 64' lang='lat' dir='ltr'>aspectu</span> <span class='ocrx_word' id='word_1_190' title='bbox 1713 1446 1803 1497; x_wconf 88' lang='lat' dir='ltr'>flu-</span> 
     </span>
    </p>

    <p class='ocr_par' dir='ltr' id='par_1_3' title="bbox 0 1503 1806 1568">
     <span class='ocr_line' id='line_1_22' title="bbox 0 1503 1806 1568; baseline 0.002 -14"><span class='ocrx_word' id='word_1_191' title='bbox 0 1527 2 1568; x_wconf 82' lang='grc'>;</span> <span class='ocrx_word' id='word_1_192' title='bbox 53 1507 188 1555; x_wconf 64' lang='lat' dir='ltr'>eluat</span> <span class='ocrx_word' id='word_1_193' title='bbox 211 1509 261 1555; x_wconf 89' lang='lat' dir='ltr'>in</span> <span class='ocrx_word' id='word_1_194' title='bbox 274 1507 522 1557; x_wconf 86' lang='lat' dir='ltr'>violento.</span> <span class='ocrx_word' id='word_1_195' title='bbox 622 1504 849 1554; x_wconf 85' lang='lat' dir='ltr'>Eandem</span> <span class='ocrx_word' id='word_1_196' title='bbox 878 1503 1120 1557; x_wconf 85' lang='lat' dir='ltr'>tueberis‚</span> <span class='ocrx_word' id='word_1_197' title='bbox 1149 1503 1183 1552; x_wconf 89' lang='lat' dir='ltr'>fi</span> <span class='ocrx_word' id='word_1_198' title='bbox 1203 1519 1377 1568; x_wconf 88' lang='lat' dir='ltr'>panno</span> <span class='ocrx_word' id='word_1_199' title='bbox 1409 1507 1703 1557; x_wconf 88' lang='lat' dir='ltr'>involutum</span> <span class='ocrx_word' id='word_1_200' title='bbox 1725 1525 1806 1558; x_wconf 89' lang='lat' dir='ltr'>ru-</span> 
     </span>
    </p>

    <p class='ocr_par' dir='ltr' id='par_1_4' title="bbox 0 1564 1805 1825">
     <span class='ocr_line' id='line_1_23' title="bbox 0 1564 1802 1631; baseline 0.001 -13"><span class='ocrx_word' id='word_1_201' title='bbox 0 1573 2 1588; x_wconf 76' lang='grc'>’</span> <span class='ocrx_word' id='word_1_202' title='bbox 53 1570 174 1623; x_wconf 77' lang='lat' dir='ltr'>beo,</span> <span class='ocrx_word' id='word_1_203' title='bbox 199 1570 421 1620; x_wconf 81' lang='lat' dir='ltr'>colloces</span> <span class='ocrx_word' id='word_1_204' title='bbox 440 1569 607 1618; x_wconf 87' lang='lat' dir='ltr'>amico</span> <span class='ocrx_word' id='word_1_205' title='bbox 629 1567 722 1617; x_wconf 77' lang='lat' dir='ltr'>situ</span> <span class='ocrx_word' id='word_1_206' title='bbox 743 1585 752 1616; x_wconf 93' lang='lat'><strong>:</strong></span> <span class='ocrx_word' id='word_1_207' title='bbox 793 1566 913 1617; x_wconf 76' lang='lat' dir='ltr'>cum</span> <span class='ocrx_word' id='word_1_208' title='bbox 943 1571 1081 1617; x_wconf 88' lang='lat' dir='ltr'>enim</span> <span class='ocrx_word' id='word_1_209' title='bbox 1098 1565 1281 1621; x_wconf 84' lang='lat' dir='ltr'>herbae,</span> <span class='ocrx_word' id='word_1_210' title='bbox 1296 1564 1323 1616; x_wconf 82' lang='grc' dir='ltr'>ὲ</span> <span class='ocrx_word' id='word_1_211' title='bbox 1343 1569 1524 1631; x_wconf 88' lang='lat' dir='ltr'>quibus</span> <span class='ocrx_word' id='word_1_212' title='bbox 1540 1569 1622 1620; x_wconf 90' lang='lat' dir='ltr'>hic</span> <span class='ocrx_word' id='word_1_213' title='bbox 1632 1571 1802 1627; x_wconf 88' lang='lat' dir='ltr'>color,</span> 
     </span>
     <span class='ocr_line' id='line_1_24' title="bbox 51 1629 1802 1697; baseline 0.001 -15"><span class='ocrx_word' id='word_1_214' title='bbox 51 1632 193 1697; x_wconf 85' lang='lat' dir='ltr'>supra</span> <span class='ocrx_word' id='word_1_215' title='bbox 221 1635 435 1682; x_wconf 83' lang='lat' dir='ltr'>mineras</span> <span class='ocrx_word' id='word_1_216' title='bbox 467 1632 645 1680; x_wconf 86' lang='lat' dir='ltr'>ferreas</span> <span class='ocrx_word' id='word_1_217' title='bbox 685 1630 962 1680; x_wconf 80' lang='lat' dir='ltr'>excrescant</span> <span class='ocrx_word' id='word_1_218' title='bbox 983 1663 997 1685; x_wconf 87' lang='lat'>‚</span> <span class='ocrx_word' id='word_1_219' title='bbox 1034 1631 1292 1692; x_wconf 88' lang='lat' dir='ltr'>qualitates</span> <span class='ocrx_word' id='word_1_220' title='bbox 1328 1629 1356 1680; x_wconf 74' lang='lat' dir='ltr'>a</span> <span class='ocrx_word' id='word_1_221' title='bbox 1376 1633 1580 1682; x_wconf 89' lang='lat' dir='ltr'>mineris</span> <span class='ocrx_word' id='word_1_222' title='bbox 1616 1636 1802 1684; x_wconf 86' lang='lat' dir='ltr'>amicas</span> 
     </span>
     <span class='ocr_line' id='line_1_25' title="bbox 50 1692 1800 1760; baseline 0 -16"><span class='ocrx_word' id='word_1_223' title='bbox 50 1695 299 1751; x_wconf 83' lang='lat' dir='ltr'>hauriunt,</span> <span class='ocrx_word' id='word_1_224' title='bbox 321 1692 567 1758; x_wconf 72' lang='lat' dir='ltr'>haustasq3</span> <span class='ocrx_word' id='word_1_225' title='bbox 591 1695 744 1744; x_wconf 86' lang='lat' dir='ltr'>veluti</span> <span class='ocrx_word' id='word_1_226' title='bbox 762 1706 960 1760; x_wconf 84' lang='lat' dir='ltr'>gratum</span> <span class='ocrx_word' id='word_1_227' title='bbox 985 1695 1214 1757; x_wconf 84' lang='lat' dir='ltr'>Magneti</span> <span class='ocrx_word' id='word_1_228' title='bbox 1243 1693 1484 1758; x_wconf 87' lang='lat' dir='ltr'>pabulum</span> <span class='ocrx_word' id='word_1_229' title='bbox 1504 1694 1800 1746; x_wconf 86' lang='lat' dir='ltr'>ministrant.</span> 
     </span>
     <span class='ocr_line' id='line_1_26' title="bbox 50 1754 1805 1825; baseline 0 -16"><span class='ocrx_word' id='word_1_230' title='bbox 50 1760 255 1810; x_wconf 88' lang='lat' dir='ltr'>Nutries</span> <span class='ocrx_word' id='word_1_231' title='bbox 284 1760 506 1825; x_wconf 84' lang='lat' dir='ltr'>insuper,</span> <span class='ocrx_word' id='word_1_232' title='bbox 542 1756 576 1808; x_wconf 89' lang='lat' dir='ltr'>s1</span> <span class='ocrx_word' id='word_1_233' title='bbox 597 1759 788 1809; x_wconf 87' lang='lat' dir='ltr'>servato</span> <span class='ocrx_word' id='word_1_234' title='bbox 816 1757 920 1807; x_wconf 93' lang='lat' dir='ltr'>hoc</span> <span class='ocrx_word' id='word_1_235' title='bbox 946 1756 1038 1806; x_wconf 88' lang='lat' dir='ltr'>fitu</span> <span class='ocrx_word' id='word_1_236' title='bbox 1057 1758 1108 1805; x_wconf 91' lang='lat' dir='ltr'>in</span> <span class='ocrx_word' id='word_1_237' title='bbox 1136 1754 1371 1806; x_wconf 63' lang='lat' dir='ltr'>limatura</span> <span class='ocrx_word' id='word_1_238' title='bbox 1391 1759 1687 1824; x_wconf 82' lang='lat' dir='ltr'>Magnetem</span> <span class='ocrx_word' id='word_1_239' title='bbox 1708 1760 1805 1809; x_wconf 86' lang='lat' dir='ltr'>fer-</span> 
     </span>
    </p>

    <p class='ocr_par' dir='ltr' id='par_1_5' title="bbox 0 1819 1805 1950">
     <span class='ocr_line' id='line_1_27' title="bbox 0 1819 1805 1886; baseline 0.001 -16"><span class='ocrx_word' id='word_1_240' title='bbox 0 1842 2 1848; x_wconf 54' lang='lat'>&gt;</span> <span class='ocrx_word' id='word_1_241' title='bbox 52 1820 136 1871; x_wconf 63' lang='lat' dir='ltr'>tea</span> <span class='ocrx_word' id='word_1_242' title='bbox 165 1838 348 1886; x_wconf 88' lang='lat' dir='ltr'>ponas,</span> <span class='ocrx_word' id='word_1_243' title='bbox 372 1824 452 1873; x_wconf 88' lang='lat' dir='ltr'>vel</span> <span class='ocrx_word' id='word_1_244' title='bbox 478 1819 746 1886; x_wconf 64' lang='lat' dir='ltr'>chalybeas</span> <span class='ocrx_word' id='word_1_245' title='bbox 782 1837 903 1870; x_wconf 89' lang='lat' dir='ltr'>nam</span> <span class='ocrx_word' id='word_1_246' title='bbox 929 1821 1091 1870; x_wconf 90' lang='lat' dir='ltr'>solent</span> <span class='ocrx_word' id='word_1_247' title='bbox 1122 1820 1369 1878; x_wconf 85' lang='lat' dir='ltr'>ejusmodi</span> <span class='ocrx_word' id='word_1_248' title='bbox 1389 1835 1645 1878; x_wconf 87' lang='lat' dir='ltr'>ramenta,</span> <span class='ocrx_word' id='word_1_249' title='bbox 1665 1838 1805 1872; x_wconf 86' lang='lat' dir='ltr'>acce-</span> 
     </span>
     <span class='ocr_line' id='line_1_28' title="bbox 53 1883 1804 1950; baseline 0.002 -17"><span class='ocrx_word' id='word_1_250' title='bbox 53 1897 159 1950; x_wconf 88' lang='lat' dir='ltr'>ptas</span> <span class='ocrx_word' id='word_1_251' title='bbox 187 1884 215 1933; x_wconf 75' lang='lat' dir='ltr'>a</span> <span class='ocrx_word' id='word_1_252' title='bbox 240 1887 478 1950; x_wconf 85' lang='lat' dir='ltr'>Magnete</span> <span class='ocrx_word' id='word_1_253' title='bbox 503 1888 628 1935; x_wconf 88' lang='lat' dir='ltr'>vires</span> <span class='ocrx_word' id='word_1_254' title='bbox 643 1889 665 1940; x_wconf 87' lang='lat'>,&#39;</span> <span class='ocrx_word' id='word_1_255' title='bbox 679 1887 864 1934; x_wconf 87' lang='lat' dir='ltr'>mutuis</span> <span class='ocrx_word' id='word_1_256' title='bbox 889 1884 1048 1934; x_wconf 81' lang='lat' dir='ltr'>rursus</span> <span class='ocrx_word' id='word_1_257' title='bbox 1072 1883 1316 1946; x_wconf 88' lang='lat' dir='ltr'>obsequijs</span> <span class='ocrx_word' id='word_1_258' title='bbox 1337 1886 1388 1933; x_wconf 91' lang='lat' dir='ltr'>in</span> <span class='ocrx_word' id='word_1_259' title='bbox 1417 1886 1562 1936; x_wconf 88' lang='lat' dir='ltr'>illum</span> <span class='ocrx_word' id='word_1_260' title='bbox 1586 1886 1804 1936; x_wconf 66' lang='lat' dir='ltr'>reflecte-</span> 
     </span>
    </p>

    <p class='ocr_par' dir='ltr' id='par_1_6' title="bbox 0 1946 1805 2014">
     <span class='ocr_line' id='line_1_29' title="bbox 0 1946 1805 2014; baseline 0.002 -19"><span class='ocrx_word' id='word_1_261' title='bbox 0 1975 2 1990; x_wconf 62' lang='grc' dir='ltr'><em>ι</em></span> <span class='ocrx_word' id='word_1_262' title='bbox 55 1963 109 1996; x_wconf 91' lang='lat' dir='ltr'>re</span> <span class='ocrx_word' id='word_1_263' title='bbox 124 1981 136 2001; x_wconf 92' lang='lat'>‚</span> <span class='ocrx_word' id='word_1_264' title='bbox 163 1946 457 2012; x_wconf 72' lang='lat' dir='ltr'>amicosque</span> <span class='ocrx_word' id='word_1_265' title='bbox 477 1949 641 1999; x_wconf 89' lang='lat' dir='ltr'>radios</span> <span class='ocrx_word' id='word_1_266' title='bbox 664 1949 901 1998; x_wconf 86' lang='lat' dir='ltr'>evibrare.</span> <span class='ocrx_word' id='word_1_267' title='bbox 986 1949 1222 2010; x_wconf 86' lang='lat' dir='ltr'>Denique</span> <span class='ocrx_word' id='word_1_268' title='bbox 1240 1946 1492 1998; x_wconf 69' lang='lat' dir='ltr'>armatura</span> <span class='ocrx_word' id='word_1_269' title='bbox 1514 1964 1572 1998; x_wconf 87' lang='lat' dir='ltr'>ex</span> <span class='ocrx_word' id='word_1_270' title='bbox 1592 1951 1805 2014; x_wconf 81' lang='lat' dir='ltr'>geminis</span> 
     </span>
    </p>

    <p class='ocr_par' dir='ltr' id='par_1_7' title="bbox 0 2009 1803 2077">
     <span class='ocr_line' id='line_1_30' title="bbox 55 2009 1803 2077; baseline 0.002 -18.878"><span class='ocrx_word' id='word_1_271' title='bbox 55 2011 277 2064; x_wconf 84' lang='lat' dir='ltr'>laminis,</span> <span class='ocrx_word' id='word_1_272' title='bbox 298 2013 532 2061; x_wconf 86' lang='lat' dir='ltr'>indurato</span> <span class='ocrx_word' id='word_1_273' title='bbox 561 2012 771 2077; x_wconf 86' lang='lat' dir='ltr'>chalybe</span> <span class='ocrx_word' id='word_1_274' title='bbox 799 2009 990 2065; x_wconf 86' lang='lat' dir='ltr'>excisis,</span> <span class='ocrx_word' id='word_1_275' title='bbox 1011 2012 1201 2059; x_wconf 86' lang='lat' dir='ltr'>mirum</span> <span class='ocrx_word' id='word_1_276' title='bbox 1232 2013 1283 2059; x_wconf 87' lang='lat' dir='ltr'>in</span> <span class='ocrx_word' id='word_1_277' title='bbox 1306 2011 1527 2061; x_wconf 87' lang='lat' dir='ltr'>modum</span> <span class='ocrx_word' id='word_1_278' title='bbox 1556 2013 1803 2063; x_wconf 87' lang='lat' dir='ltr'>corrobo-</span> 
     </span>
    </p>

    <p class='ocr_par' dir='ltr' id='par_1_8' title="bbox 0 2073 1906 2141">
     <span class='ocr_line' id='line_1_31' title="bbox 0 2073 1906 2141; baseline 0.003 -18"><span class='ocrx_word' id='word_1_279' title='bbox 0 2106 1 2109; x_wconf 59' lang='lat'><em>=</em></span> <span class='ocrx_word' id='word_1_280' title='bbox 22 2126 25 2129; x_wconf 65' lang='grc'><strong>,</strong></span> <span class='ocrx_word' id='word_1_281' title='bbox 57 2085 192 2123; x_wconf 86' lang='lat' dir='ltr'>ratur</span> <span class='ocrx_word' id='word_1_282' title='bbox 214 2075 463 2139; x_wconf 84' lang='lat' dir='ltr'>Magnetis</span> <span class='ocrx_word' id='word_1_283' title='bbox 483 2077 636 2125; x_wconf 83' lang='lat' dir='ltr'>virtus</span> <span class='ocrx_word' id='word_1_284' title='bbox 651 2109 664 2130; x_wconf 86' lang='lat'>‚</span> <span class='ocrx_word' id='word_1_285' title='bbox 690 2077 785 2128; x_wconf 88' lang='lat' dir='ltr'>ita,</span> <span class='ocrx_word' id='word_1_286' title='bbox 807 2087 862 2123; x_wconf 89' lang='lat' dir='ltr'>ut</span> <span class='ocrx_word' id='word_1_287' title='bbox 885 2077 971 2137; x_wconf 91' lang='lat' dir='ltr'>qui</span> <span class='ocrx_word' id='word_1_288' title='bbox 986 2075 1205 2126; x_wconf 80' lang='lat' dir='ltr'>inermis,</span> <span class='ocrx_word' id='word_1_289' title='bbox 1228 2073 1430 2139; x_wconf 86' lang='lat' dir='ltr'>pondus</span> <span class='ocrx_word' id='word_1_290' title='bbox 1451 2074 1497 2124; x_wconf 88' lang='lat' dir='ltr'>se</span> <span class='ocrx_word' id='word_1_291' title='bbox 1517 2076 1623 2141; x_wconf 91' lang='lat' dir='ltr'>ipso</span> <span class='ocrx_word' id='word_1_292' title='bbox 1643 2077 1803 2133; x_wconf 85' lang='lat' dir='ltr'>majus</span> <span class='ocrx_word' id='word_1_293' title='bbox 1877 2115 1906 2129; x_wconf 82' lang='grc'>-.</span> 
     </span>
    </p>

    <p class='ocr_par' dir='ltr' id='par_1_9' title="bbox 55 2117 1942 2205">
     <span class='ocr_line' id='line_1_32' title="bbox 55 2117 1942 2205; baseline 0.003 -19"><span class='ocrx_word' id='word_1_294' title='bbox 55 2138 138 2186; x_wconf 81' lang='lat' dir='ltr'>vix</span> <span class='ocrx_word' id='word_1_295' title='bbox 163 2134 473 2193; x_wconf 78' lang='lat' dir='ltr'>sustinuerat,</span> <span class='ocrx_word' id='word_1_296' title='bbox 492 2150 734 2193; x_wconf 85' lang='lat' dir='ltr'>armatus,</span> <span class='ocrx_word' id='word_1_297' title='bbox 764 2140 925 2187; x_wconf 88' lang='lat' dir='ltr'>Bione</span> <span class='ocrx_word' id='word_1_298' title='bbox 943 2131 1088 2191; x_wconf 86' lang='lat' dir='ltr'>teste,</span> <span class='ocrx_word' id='word_1_299' title='bbox 1109 2139 1434 2201; x_wconf 84' lang='lat' dir='ltr'>quinquagies</span> <span class='ocrx_word' id='word_1_300' title='bbox 1458 2142 1643 2191; x_wconf 85' lang='lat' dir='ltr'>centies</span> <span class='ocrx_word' id='word_1_301' title='bbox 1662 2140 1707 2189; x_wconf 85' lang='lat' dir='ltr'>se</span> <span class='ocrx_word' id='word_1_302' title='bbox 1734 2143 1803 2205; x_wconf 85' lang='lat' dir='ltr'>ip·</span> <span class='ocrx_word' id='word_1_303' title='bbox 1831 2117 1942 2192; x_wconf 60' lang='lat' dir='ltr'>Nfc·</span> 
     </span>
    </p>

    <p class='ocr_par' dir='ltr' id='par_1_10' title="bbox 57 2185 1957 2263">
     <span class='ocr_line' id='line_1_33' title="bbox 57 2185 1957 2263; baseline 0.002 -15"><span class='ocrx_word' id='word_1_304' title='bbox 57 2200 112 2249; x_wconf 89' lang='lat' dir='ltr'>so</span> <span class='ocrx_word' id='word_1_305' title='bbox 136 2201 368 2263; x_wconf 85' lang='lat' dir='ltr'>grandius</span> <span class='ocrx_word' id='word_1_306' title='bbox 397 2201 630 2256; x_wconf 86' lang='lat' dir='ltr'>attrahat,</span> <span class='ocrx_word' id='word_1_307' title='bbox 664 2199 1029 2262; x_wconf 63' lang='lat' dir='ltr'>attrant&#39;imque</span> <span class='ocrx_word' id='word_1_308' title='bbox 1063 2202 1115 2249; x_wconf 92' lang='lat' dir='ltr'>in</span> <span class='ocrx_word' id='word_1_309' title='bbox 1144 2202 1258 2249; x_wconf 71' lang='lat' dir='ltr'>aere</span> <span class='ocrx_word' id='word_1_310' title='bbox 1281 2199 1529 2251; x_wconf 87' lang='lat' dir='ltr'>sustentet.</span> <span class='ocrx_word' id='word_1_311' title='bbox 1628 2204 1804 2253; x_wconf 81' lang='lat' dir='ltr'>Ratio·</span> <span class='ocrx_word' id='word_1_312' title='bbox 1835 2185 1957 2228; x_wconf 54' lang='grc' dir='ltr'>ΒΖΜ·</span> 
     </span>
    </p>

    <p class='ocr_par' dir='ltr' id='par_1_11' title="bbox 10 2247 2001 2329">
     <span class='ocr_line' id='line_1_34' title="bbox 10 2247 2001 2329; baseline 0.003 -19"><span class='ocrx_word' id='word_1_313' title='bbox 10 2296 11 2299; x_wconf 24' lang='lat'>¹</span> <span class='ocrx_word' id='word_1_314' title='bbox 59 2277 178 2312; x_wconf 89' lang='lat' dir='ltr'>nem</span> <span class='ocrx_word' id='word_1_315' title='bbox 209 2263 351 2320; x_wconf 75' lang='lat' dir='ltr'>hujus</span> <span class='ocrx_word' id='word_1_316' title='bbox 374 2267 679 2329; x_wconf 82' lang='lat' dir='ltr'>experientiae</span> <span class='ocrx_word' id='word_1_317' title='bbox 702 2264 736 2313; x_wconf 86' lang='lat' dir='ltr'>fi</span> <span class='ocrx_word' id='word_1_318' title='bbox 755 2264 782 2313; x_wconf 76' lang='lat' dir='ltr'>a</span> <span class='ocrx_word' id='word_1_319' title='bbox 806 2262 1005 2327; x_wconf 85' lang='lat' dir='ltr'>Phyfica</span> <span class='ocrx_word' id='word_1_320' title='bbox 1031 2275 1191 2326; x_wconf 81' lang='lat' dir='ltr'>petaS,</span> <span class='ocrx_word' id='word_1_321' title='bbox 1214 2262 1419 2313; x_wconf 74' lang='lat' dir='ltr'>forsitan</span> <span class='ocrx_word' id='word_1_322' title='bbox 1455 2265 1613 2319; x_wconf 88' lang='lat' dir='ltr'>dicet,</span> <span class='ocrx_word' id='word_1_323' title='bbox 1635 2267 1801 2315; x_wconf 87' lang='lat' dir='ltr'>radios</span> <span class='ocrx_word' id='word_1_324' title='bbox 1829 2247 2001 2303; x_wconf 70' lang='lat' dir='ltr'>l·3·⁶·7·</span> 
     </span>
    </p>

    <p class='ocr_par' dir='ltr' id='par_1_12' title="bbox 60 2321 1802 2392">
     <span class='ocr_line' id='line_1_35' title="bbox 60 2321 1802 2392; baseline 0.001 -17"><span class='ocrx_word' id='word_1_325' title='bbox 60 2321 90 2375; x_wconf 81' lang='grc' dir='ltr'>ὲ</span> <span class='ocrx_word' id='word_1_326' title='bbox 112 2327 240 2377; x_wconf 90' lang='lat' dir='ltr'>Polo</span> <span class='ocrx_word' id='word_1_327' title='bbox 264 2329 513 2392; x_wconf 83' lang='lat' dir='ltr'>Magnetis</span> <span class='ocrx_word' id='word_1_328' title='bbox 535 2327 931 2390; x_wconf 82' lang='lat' dir='ltr'>quaquaversum</span> <span class='ocrx_word' id='word_1_329' title='bbox 963 2326 1191 2380; x_wconf 84' lang='lat' dir='ltr'>diffusos,</span> <span class='ocrx_word' id='word_1_330' title='bbox 1215 2328 1265 2374; x_wconf 90' lang='lat' dir='ltr'>in</span> <span class='ocrx_word' id='word_1_331' title='bbox 1292 2327 1456 2376; x_wconf 87' lang='lat' dir='ltr'>limbis</span> <span class='ocrx_word' id='word_1_332' title='bbox 1489 2327 1698 2392; x_wconf 79' lang='lat' dir='ltr'>chalybe</span> <span class='ocrx_word' id='word_1_333' title='bbox 1730 2345 1802 2376; x_wconf 86' lang='lat' dir='ltr'>ar-</span> 
     </span>
    </p>

    <p class='ocr_par' dir='ltr' id='par_1_13' title="bbox 59 2385 1800 2456">
     <span class='ocr_line' id='line_1_36' title="bbox 59 2385 1800 2456; baseline 0 -17"><span class='ocrx_word' id='word_1_334' title='bbox 59 2393 222 2443; x_wconf 83' lang='lat' dir='ltr'>matis,</span> <span class='ocrx_word' id='word_1_335' title='bbox 239 2394 384 2441; x_wconf 85' lang='lat' dir='ltr'>omni</span> <span class='ocrx_word' id='word_1_336' title='bbox 407 2407 462 2438; x_wconf 79' lang='lat' dir='ltr'>ex</span> <span class='ocrx_word' id='word_1_337' title='bbox 487 2403 622 2456; x_wconf 86' lang='lat' dir='ltr'>parte</span> <span class='ocrx_word' id='word_1_338' title='bbox 648 2392 782 2439; x_wconf 88' lang='lat' dir='ltr'>coire</span> <span class='ocrx_word' id='word_1_339' title='bbox 808 2387 978 2439; x_wconf 77' lang='lat' dir='ltr'>denuo</span> <span class='ocrx_word' id='word_1_340' title='bbox 998 2424 1011 2442; x_wconf 85' lang='lat'><em>‚</em></span> <span class='ocrx_word' id='word_1_341' title='bbox 1032 2385 1205 2454; x_wconf 82' lang='lat' dir='ltr'>sicque</span> <span class='ocrx_word' id='word_1_342' title='bbox 1235 2389 1432 2442; x_wconf 82' lang='lat' dir='ltr'>efficere</span> <span class='ocrx_word' id='word_1_343' title='bbox 1454 2393 1558 2443; x_wconf 86' lang='lat' dir='ltr'>vim</span> <span class='ocrx_word' id='word_1_344' title='bbox 1580 2393 1800 2445; x_wconf 83' lang='lat' dir='ltr'>unitam,</span> 
     </span>
    </p>

    <p class='ocr_par' dir='ltr' id='par_1_14' title="bbox 60 2451 1800 2582">
     <span class='ocr_line' id='line_1_37' title="bbox 60 2451 998 2517; baseline -0.002 -14"><span class='ocrx_word' id='word_1_345' title='bbox 60 2451 309 2516; x_wconf 78' lang='lat' dir='ltr'>quodque</span> <span class='ocrx_word' id='word_1_346' title='bbox 338 2456 682 2517; x_wconf 81' lang='lat' dir='ltr'>consequitur,</span> <span class='ocrx_word' id='word_1_347' title='bbox 712 2453 998 2504; x_wconf 84' lang='lat' dir='ltr'>fortiorem.</span> 
     </span>
     <span class='ocr_line' id='line_1_38' title="bbox 186 2514 1800 2582; baseline -0.001 -16"><span class='ocrx_word' id='word_1_348' title='bbox 186 2517 385 2568; x_wconf 86' lang='lat' dir='ltr'><strong>LEUC:</strong></span> <span class='ocrx_word' id='word_1_349' title='bbox 453 2517 695 2571; x_wconf 83' lang='lat' dir='ltr'>Memini,</span> <span class='ocrx_word' id='word_1_350' title='bbox 715 2516 835 2566; x_wconf 78' lang='lat' dir='ltr'>cum</span> <span class='ocrx_word' id='word_1_351' title='bbox 864 2517 1028 2567; x_wconf 89' lang='lat' dir='ltr'>adhuc</span> <span class='ocrx_word' id='word_1_352' title='bbox 1058 2516 1210 2567; x_wconf 87' lang='lat' dir='ltr'>aleret</span> <span class='ocrx_word' id='word_1_353' title='bbox 1234 2533 1319 2568; x_wconf 90' lang='lat' dir='ltr'>me</span> <span class='ocrx_word' id='word_1_354' title='bbox 1346 2514 1670 2582; x_wconf 78' lang='lat' dir='ltr'>Ephebe&#39;um,</span> <span class='ocrx_word' id='word_1_355' title='bbox 1690 2517 1800 2565; x_wconf 90' lang='lat' dir='ltr'>Ma-</span> 
     </span>
    </p>
   </div>
   <div class='ocr_carea' id='block_1_3' title="bbox 14 2531 26 2562">
    <p class='ocr_par' dir='ltr' id='par_1_15' title="bbox 14 2531 26 2562">
     <span class='ocr_line' id='line_1_39' title="bbox 14 2531 26 2562; baseline 0 0"><span class='ocrx_word' id='word_1_356' title='bbox 14 2531 26 2562; x_wconf 72' lang='lat' dir='ltr'>-l</span> 
     </span>
    </p>
   </div>
   <div class='ocr_carea' id='block_1_4' title="bbox 14 2563 1802 2650">
    <p class='ocr_par' dir='ltr' id='par_1_16' title="bbox 14 2563 1802 2650">
     <span class='ocr_line' id='line_1_40' title="bbox 14 2563 1802 2650; baseline -0.001 -20"><span class='ocrx_word' id='word_1_357' title='bbox 14 2563 25 2613; x_wconf 35' lang='grc' dir='ltr'>ἒξ</span> <span class='ocrx_word' id='word_1_358' title='bbox 55 2581 212 2645; x_wconf 81' lang='lat' dir='ltr'>gnetis</span> <span class='ocrx_word' id='word_1_359' title='bbox 236 2577 392 2647; x_wconf 66' lang='lat' dir='ltr'>opera</span> <span class='ocrx_word' id='word_1_360' title='bbox 410 2579 622 2650; x_wconf 70' lang='lat' dir='ltr'>petl&#39;aepe</span> <span class='ocrx_word' id='word_1_361' title='bbox 650 2581 846 2634; x_wconf 85' lang='lat' dir='ltr'>ludicris</span> <span class='ocrx_word' id='word_1_362' title='bbox 875 2596 960 2631; x_wconf 86' lang='lat' dir='ltr'>me</span> <span class='ocrx_word' id='word_1_363' title='bbox 985 2593 1264 2633; x_wconf 85' lang='lat' dir='ltr'>recreatum</span> <span class='ocrx_word' id='word_1_364' title='bbox 1290 2581 1584 2648; x_wconf 66' lang='lat' dir='ltr'>spectaculis.</span> <span class='ocrx_word' id='word_1_365' title='bbox 1685 2581 1802 2631; x_wconf 85' lang='lat' dir='ltr'>Erat</span> 
     </span>
    </p>
   </div>
   <div class='ocr_carea' id='block_1_5' title="bbox 23 2641 1736 2717">
    <p class='ocr_par' dir='ltr' id='par_1_17' title="bbox 23 2641 1736 2717">
     <span class='ocr_line' id='line_1_41' title="bbox 23 2641 1736 2717; baseline -0.002 -20"><span class='ocrx_word' id='word_1_366' title='bbox 23 2666 28 2717; x_wconf 72' lang='lat' dir='ltr'>&#39;l</span> <span class='ocrx_word' id='word_1_367' title='bbox 936 2644 982 2696; x_wconf 91' lang='lat' dir='ltr'>U</span> <span class='ocrx_word' id='word_1_368' title='bbox 1568 2641 1736 2694; x_wconf 84' lang='lat' dir='ltr'>Philo-</span> 
     </span>
    </p>
   </div>
   <div class='ocr_carea' id='block_1_6' title="bbox 0 2036 38 2911">
    <p class='ocr_par' dir='ltr' id='par_1_18' title="bbox 0 2036 38 2911">
     <span class='ocr_line' id='line_1_42' title="bbox 0 2036 38 2911; baseline 0 0"><span class='ocrx_word' id='word_1_369' title='bbox 0 2036 38 2911; x_wconf 95' lang='lat' dir='ltr'> </span> 
     </span>
    </p>
   </div>
  </div>
 </body>
</html>
