2175 2911
712 102 908 152 Ariadne
927 103 1116 164 Physica.
1639 123 1660 157 x
1671 112 1696 161 8
1706 123 1724 157 1

53 196 254 248 ternum
271 194 456 251 salvos;
487 192 602 247 licet
617 195 814 261 fingulis
826 196 1112 245 Gratiarum
1135 207 1321 248 certam
1342 201 1587 264 paraverit
1603 202 1798 259 seriem,

50 275 207 323 quam
229 261 265 311 fi
286 259 442 312 vestra
464 276 573 311 non
601 261 767 311 turbet
789 259 1047 312 voluntas,
1069 261 1310 311 infallibili
1331 266 1420 315 filo
1435 298 1448 319 ,
1475 282 1568 316 vos
1591 266 1654 315 ad
1673 268 1796 316 Coe·

16 376 17 379 ,
50 326 158 376 lum
188 327 430 380 deducet,
450 341 559 374 non
577 338 748 373 tamen
770 323 1000 388 quemvis
1028 337 1115 387 per
1142 331 1370 387 quamvis
1400 332 1560 383 viam,
1580 327 1796 394 vitaeciue

50 385 232 440 statum
255 389 487 438 deducet.
555 387 792 444 Efficaces
812 387 1004 452 gratias,
1024 386 1320 446 quibusdam
1336 404 1542 456 paratas,
1561 391 1626 442 sic
1649 406 1791 443 certo

13 451 18 506 Ξ
51 449 221 508 statui,
251 449 467 516 vitaeque
497 451 782 501 conditioni
812 450 1009 514 alligate
1032 448 1207 501 DEUS
1236 455 1520 510 consuevit,
1541 468 1596 504 ut
1623 455 1657 504 ss
1681 473 1792 521 pru-

14 526 15 530 ’
50 515 209 565 dentis
229 515 598 565 deliberationis
616 514 830 569 defectu,
843 511 1090 578 praefixam
1104 513 1167 562 ad
1177 515 1390 567 Coelum
1410 520 1561 570 viam,
1581 520 1663 569 vel
1682 535 1792 569 non

48 579 344 642 agnoscant,
366 579 445 628 vel
474 580 692 641 agnitam
724 577 956 642 ampleffi
978 576 1255 640 negligant,
1274 577 1467 644 suoque
1485 585 1637 646 genio
1672 598 1794 632 con-

14 652 15 657 ’
48 642 272 690 formem
301 643 483 706 eligant
512 637 643 689 male
673 642 909 693 consulti,
940 643 991 688 in
1017 654 1073 687 ea
1101 641 1305 702 quidem
1329 644 1495 693 salvari
1527 659 1793 709 poterunt,

13 720 15 723 ’
45 706 230 753 infelici
250 719 419 752 tamen
435 706 553 752 Fato
572 719 681 751 non
708 704 1040 753 salvabuntur.
1142 705 1280 753 Nam
1300 706 1416 754 cum
1441 709 1636 757 Divina²
1662 713 1792 758 circa

12 796 15 798 v
43 764 90 814 se
113 767 444 816 Providentiae
469 765 611 814 filum
639 763 924 830 improvide
945 767 1190 828 ruperint,
1213 771 1530 831 permittente
1553 772 1793 826 Coelo,in

11 831 15 836 ’
43 833 212 893 gravia
229 830 464 877 labuntur
485 828 690 881 scelera,
709 826 965 890 gratiaque
993 830 1129 878 finali
1149 831 1406 885 excidunt,
1428 835 1477 883 ὃς
1502 835 1645 895 quod
1669 850 1792 883 con-

11 896 13 899 ’
42 894 266 954 sequens,
281 888 473 939 coelesti
488 890 825 944 Beatitudine‚
846 905 934 954 per
956 890 1092 941 suam
1117 894 1317 958 culpam
1344 895 1586 943 aeternum
1613 898 1790 950 miseri,

39 954 328 1018 spoliantur.
397 955 518 1002 Haec
541 953 805 1003 Sententiae
827 956 1148 1018 Gregorianae
1166 955 1465 1022 paraphrasis
1486 974 1595 1006 non
1620 955 1646 1006 ὲ
1667 974 1789 1007 meo

11 1022 13 1027 '
39 1019 246 1080 ingenio
261 1049 274 1070 ‚
293 1017 373 1066 sed
394 1012 422 1065 ὲ
439 1018 613 1066 Divini
633 1014 838 1079 Spiritus
857 1032 1021 1080 penna
1043 1019 1208 1073 fluxit,
1231 1021 1355 1069 dum
1383 1019 1486 1068 hoc
1504 1021 1584 1069 ille
1602 1021 1783 1086 Sophis
1888 1070 1893 1071 a

12 1126 15 1131 ,
76 1080 395 1128 roverbium:
448 1081 632 1131 vocavi,
667 1084 721 1126 (θ’
744 1080 936 1131 renuistis
956 1115 970 1130 ,
994 1081 1224 1142 despexzssis
1242 1098 1360 1127 omne
1383 1082 1594 1140 confilium
1619 1100 1782 1138 meum,
1806 1081 1943 1124 Prov·
1964 1088 2005 1123 1.

10 1157 14 1182 1
39 1097 293 1202 {observa
315 1142 580 1190 confilium
601 1139 622 1197 >
658 1156 730 1200 ego
752 1158 914 1204 quoque
930 1145 974 1188 in
996 1146 1176 1190 interitu
1205 1143 1342 1197 vestro
1360 1145 1529 1198 ridebo,
1551 1150 1606 1195 (φ
1622 1147 1784 1205 subsan-

10 1219 14 1268 3
38 1207 164 1253 nabo.
241 1208 374 1255 Hinc
396 1202 525 1254 belle
553 1206 617 1253 D.
641 1206 941 1268 Gregorius:
974 1206 1098 1267 sunt,
1122 1211 1195 1269 qui
1208 1241 1222 1262 ,
1244 1208 1319 1267 nzfi
1341 1212 1482 1255 omnia
1510 1212 1785 1273 reliquerint,
1811 1210 1864 1255 ad
1876 1210 2007 1256 Mau-

9 1270 15 1330 j
29 1271 199 1329 salvari
214 1271 322 1328 apud
343 1271 539 1316 DEUM
559 1270 793 1314 nullatenus
811 1268 988 1327 poffimc.
1073 1270 1370 1320 Videndum
1396 1275 1572 1336 proin,
1591 1275 1788 1323 Leuco-
1812 1275 1889 1321 rit.
1906 1276 2019 1333 Imp.

9 1363 14 1394 5
38 1334 181 1387 thee,
203 1336 249 1382 ὃς
284 1331 656 1397 providendum
684 1330 911 1384 cuilibet,
933 1347 996 1378 ne
1026 1333 1078 1379 in
1106 1346 1211 1381 tam
1238 1350 1386 1396 grave
1413 1336 1675 1385 discrimen
1699 1353 1785 1402 per

9 1399 16 1445 l
37 1398 177 1446 suam
204 1396 491 1459 prolabatur
511 1395 771 1441 incuriam.
858 1394 1134 1442 Prudenter
1156 1396 1216 1443 dc
1242 1396 1366 1444 statu
1387 1400 1493 1445 vitae
1514 1399 1782 1448 deliberan-

9 1469 16 1507 “,
37 1462 188 1515 dum,
211 1460 299 1508 illis
322 1453 592 1523 praecipue,
619 1456 798 1517 quibus
831 1453 996 1520 praeest
1025 1470 1196 1521 togata
1219 1459 1404 1512 Palla55
1440 1476 1560 1508 nam
1583 1460 1699 1509 cum
1725 1463 1789 1511 ad

9 1526 16 1590 ⁴}
34 1525 200 1590 plures
232 1520 379 1570 status
410 1523 456 1569 se
481 1519 786 1569 reddiderint
817 1520 1030 1574 habiles,
1054 1519 1269 1574 habent,
1296 1538 1384 1569 cur
1409 1523 1670 1575 dubitent3
1694 1540 1782 1573 cur

9 1588 142 1654 ,plus
169 1586 444 1635 deliberent
470 1584 600 1639 aliis,
621 1598 752 1645 quos
795 1587 903 1632 vitae
934 1586 1087 1637 ratio,
1113 1583 1196 1633 susi
1214 1584 1367 1635 veluti
1397 1585 1598 1650 sponte,
1622 1588 1779 1637 deter—

9 1670 16 1700 l
33 1654 221 1703 minat,
240 1649 411 1697 crebra
435 1647 707 1696 voluntatis
727 1646 922 1707 Divinae
942 1646 1196 1710 interpres.
1297 1650 1431 1698 Inter
1459 1649 1588 1714 ipsos
1612 1663 1784 1700 autem

14 1716 278 1764 'Minervae
295 1708 701 1773 Affeclas‚80phi
720 1705 983 1774 praecipue,
998 1713 1045 1760 ὅ(
1071 1714 1197 1759 inter
1209 1711 1410 1776 Sophos
1430 1716 1662 1778 praecipui
1679 1714 1781 1762 hoc

35 1777 179 1826 cordi
205 1776 290 1824 sibi
314 1776 511 1825 sumant
539 1775 804 1837 negotium
821 1807 834 1827 ,
857 1789 922 1821 ne
953 1775 1091 1837 plura
1115 1776 1324 1827 talenta,
1351 1790 1459 1837 quae
1481 1793 1574 1840 pro
1594 1780 1782 1826 anima—

9 1841 11 1845 ’
32 1856 148 1889 rum
166 1839 314 1888 salute
339 1851 646 1903 acceperant,
665 1833 950 1900 strophiolo
971 1836 1204 1887 socordes
1224 1840 1503 1892 involvant,
1523 1854 1623 1897 aut,
1639 1841 1782 1904 quod

7 1904 195 1968 pejus,
216 1902 279 1950 ad
314 1903 563 1966 augendas
593 1915 744 1964 opes,
769 1903 1019 1955 honores,
1051 1902 1129 1950 vel
1157 1903 1366 1964 profana
1394 1902 1586 1956 officia,
1607 1917 1782 1969 praeter

33 1967 272 2019 Numinis
292 1966 611 2014 voluntatem
625 1998 638 2014 ,
659 1979 769 2020 non
793 1979 898 2013 tam
916 1976 1143 2017 utantur,
1166 1964 1319 2026 quam
1345 1966 1630 2015 abutantur.

7 2076 10 2087 A
159 2029 358 2080 LEUC:
424 2024 644 2077 Tantine
661 2030 916 2077 momenti
933 2026 989 2075 sit
1007 2027 1108 2075 hoc
1128 2031 1410 2091 negotium,
1427 2043 1481 2078 ut
1500 2031 1562 2079 ab
1585 2032 1674 2081 illo
1697 2031 1780 2080 de-

29 2093 248 2158 pendeat
277 2091 427 2141 salus?
461 2107 524 2139 an
545 2090 664 2154 ergo
682 2125 695 2145 ,
716 2091 981 2151 teJudice,
1001 2094 1243 2153 gravioris
1267 2090 1428 2142 reatus
1454 2094 1589 2142 hunc
1606 2111 1778 2158 argue-

0 2146 430 2226 §retThemiffiqui
450 2159 731 2205 vocationis
743 2154 976 2218 neglectae
992 2151 1213 2202 existeret
1231 2162 1584 2221 contemptor?
1619 2162 1775 2205 MEL:
1806 2161 2016 2207 P.Lanci-

0 2225 15 2286 g}
28 2222 150 2277 Haec
175 2216 383 2280 quaestio
410 2221 550 2268 altius
573 2219 816 2267 Tribunal
854 2220 999 2280 petit,
1020 2219 1158 2268 euius
1190 2234 1286 2284 ego
1322 2221 1493 2268 malim
1525 2225 1773 2275 venerari,
1801 2227 1885 2270 tius
1902 2222 2014 2280 5251.

0 2282 185 2349 [quam
208 2283 427 2331 arbitrari
441 2283 677 2332 Oracula.
744 2284 857 2331 Nec
876 2282 963 2329 tibi
980 2281 1070 2329 soli
1091 2284 1141 2329 in
1155 2296 1382 2331 mentem
1397 2286 1534 2332 veuit
1553 2285 1633 2334 hic
1651 2286 1774 2333 seru·
1800 2286 1942 2346 opusc.

0 2347 193 2413 ipulus:
246 2346 419 2394 habuit
439 2348 610 2395 Roma
641 2361 750 2393 non
781 2343 1057 2393 absimilem
1088 2348 1348 2408 quondam
1382 2349 1614 2413 Sophum
1636 2382 1649 2403 ,
1691 2350 1774 2409 qui
1796 2353 1905 2410 Spir.
1930 2362 1979 2406 t,

0 2398 8 2466 'vj
27 2414 226 2475 Magno
250 2411 507 2459 Societatis
532 2405 709 2458 nostrae
731 2408 1009 2471 Theologo
1025 2440 1036 2461 ‚
1061 2411 1109 2458 ὃς
1141 2410 1319 2464 maiori
1351 2412 1589 2463 Asccseos
1614 2412 1772 2473 Magi-
1797 2427 1858 2460 to.
1886 2427 1926 2459 1.

0 2471 10 2525 Ῑ.
28 2473 131 2525 stro
162 2475 265 2523 hoc
298 2474 423 2521 olim
458 2473 722 2537 problema
743 2472 1003 2521 Ethicum:
1052 2473 1189 2530 cujus
1214 2475 1538 2531 decisionem,
1560 2479 1589 2526 fl
1615 2475 1767 2528 lubet,
1797 2480 1839 2522 in
1858 2478 2009 2522 mouit.

0 2530 5 2598 ἰ
28 2541 245 2593 referam
267 2539 520 2603 interpres.
619 2537 786 2594 Dixit,
804 2537 1154 2652 Vicationem
1175 2540 1507 2606 Religiosam,
1537 2542 1636 2592 fine
1665 2553 1767 2602 gra-
1795 2557 1831 2588 c.
1848 2553 1889 2589 1.
1903 2536 1946 2598 f.
1967 2551 2009 2597 5.

924 2615 947 2660 3
1561 2617 1704 2659 viore
