<?xml version="1.0" encoding="UTF-8"?>
<!DOCTYPE html PUBLIC "-//W3C//DTD XHTML 1.0 Transitional//EN"
    "http://www.w3.org/TR/xhtml1/DTD/xhtml1-transitional.dtd">
<html xmlns="http://www.w3.org/1999/xhtml" xml:lang="en" lang="en">
 <head>
  <title>
</title>
<meta http-equiv="Content-Type" content="text/html;charset=utf-8" />
  <meta name='ocr-system' content='tesseract 3.04.00' />
  <meta name='ocr-capabilities' content='ocr_page ocr_carea ocr_par ocr_line ocrx_word'/>
</head>
<body>
  <div class='ocr_page' id='page_1' title='image "./nostritemporisph00schw/nostritemporisph00schw_0565.png"; bbox 0 0 2175 2911; ppageno 0'>
   <div class='ocr_carea' id='block_1_1' title="bbox 612 74 1708 142">
    <p class='ocr_par' dir='ltr' id='par_1_1' title="bbox 612 74 1708 142">
     <span class='ocr_line' id='line_1_1' title="bbox 612 74 1708 142; baseline 0.004 -18"><span class='ocrx_word' id='word_1_1' title='bbox 612 76 768 140; x_wconf 71' lang='lat' dir='ltr'>Hydr&#39;a</span> <span class='ocrx_word' id='word_1_2' title='bbox 785 74 912 132; x_wconf 75' lang='lat' dir='ltr'>nostri</span> <span class='ocrx_word' id='word_1_3' title='bbox 925 74 1159 138; x_wconf 76' lang='lat' dir='ltr'><em>Temporis.</em></span> <span class='ocrx_word' id='word_1_4' title='bbox 1617 93 1644 128; x_wconf 75' lang='lat'>2</span> <span class='ocrx_word' id='word_1_5' title='bbox 1653 91 1708 142; x_wconf 77' lang='lat'>59</span> 
     </span>
    </p>
   </div>
   <div class='ocr_carea' id='block_1_2' title="bbox 0 170 2004 2620">
    <p class='ocr_par' dir='ltr' id='par_1_2' title="bbox 7 170 1780 732">
     <span class='ocr_line' id='line_1_2' title="bbox 31 170 1777 284; baseline -0.001 -58"><span class='ocrx_word' id='word_1_6' title='bbox 31 173 301 232; x_wconf 83' lang='lat' dir='ltr'>malitiam,</span> <span class='ocrx_word' id='word_1_7' title='bbox 324 175 407 225; x_wconf 87' lang='lat' dir='ltr'>illa</span> <span class='ocrx_word' id='word_1_8' title='bbox 440 189 503 226; x_wconf 87' lang='lat' dir='ltr'>ne</span> <span class='ocrx_word' id='word_1_9' title='bbox 534 174 892 228; x_wconf 75' lang='lat' dir='ltr'>tumultuosius</span> <span class='ocrx_word' id='word_1_10' title='bbox 923 177 1118 229; x_wconf 89' lang='lat' dir='ltr'>vincat,</span> <span class='ocrx_word' id='word_1_11' title='bbox 1136 173 1242 225; x_wconf 85' lang='lat' dir='ltr'>haec</span> <span class='ocrx_word' id='word_1_12' title='bbox 1265 187 1329 224; x_wconf 81' lang='lat' dir='ltr'>ne</span> <span class='ocrx_word' id='word_1_13' title='bbox 1347 170 1777 284; x_wconf 40' lang='lat' dir='ltr'>eumcpraejudicio</span> 
     </span>
     <span class='ocr_line' id='line_1_3' title="bbox 31 234 1779 305; baseline -0.003 -17"><span class='ocrx_word' id='word_1_14' title='bbox 31 239 121 288; x_wconf 91' lang='lat' dir='ltr'>suo</span> <span class='ocrx_word' id='word_1_15' title='bbox 149 239 371 290; x_wconf 74' lang='lat' dir='ltr'>velocius</span> <span class='ocrx_word' id='word_1_16' title='bbox 399 237 743 305; x_wconf 78' lang='lat' dir='ltr'>supprimatur.</span> <span class='ocrx_word' id='word_1_17' title='bbox 843 234 1025 297; x_wconf 74' lang='lat' dir='ltr'>Iniuste</span> <span class='ocrx_word' id='word_1_18' title='bbox 1056 239 1258 302; x_wconf 85' lang='lat' dir='ltr'>vapulat</span> <span class='ocrx_word' id='word_1_19' title='bbox 1286 238 1348 291; x_wconf 87' lang='lat' dir='ltr'>ab</span> <span class='ocrx_word' id='word_1_20' title='bbox 1381 252 1468 286; x_wconf 88' lang='lat' dir='ltr'>eru</span> <span class='ocrx_word' id='word_1_21' title='bbox 1506 237 1579 284; x_wconf 88' lang='lat' dir='ltr'>ito</span> <span class='ocrx_word' id='word_1_22' title='bbox 1602 235 1779 291; x_wconf 73' lang='lat' dir='ltr'>Orbe,</span> 
     </span>
     <span class='ocr_line' id='line_1_4' title="bbox 31 296 1777 378; baseline -0.002 -28"><span class='ocrx_word' id='word_1_23' title='bbox 31 304 158 351; x_wconf 86' lang='lat' dir='ltr'>dum</span> <span class='ocrx_word' id='word_1_24' title='bbox 183 317 374 352; x_wconf 82' lang='lat' dir='ltr'>errores</span> <span class='ocrx_word' id='word_1_25' title='bbox 395 305 582 352; x_wconf 82' lang='lat' dir='ltr'>nutrire</span> <span class='ocrx_word' id='word_1_26' title='bbox 610 304 814 359; x_wconf 85' lang='lat' dir='ltr'>dicitur,</span> <span class='ocrx_word' id='word_1_27' title='bbox 839 315 969 378; x_wconf 77' lang='lat' dir='ltr'>quos</span> <span class='ocrx_word' id='word_1_28' title='bbox 998 315 1107 349; x_wconf 91' lang='lat' dir='ltr'>non</span> <span class='ocrx_word' id='word_1_29' title='bbox 1133 299 1220 349; x_wconf 87' lang='lat' dir='ltr'>nifi</span> <span class='ocrx_word' id='word_1_30' title='bbox 1248 300 1461 350; x_wconf 85' lang='lat' dir='ltr'>fanatica</span> <span class='ocrx_word' id='word_1_31' title='bbox 1488 299 1541 348; x_wconf 79' lang='lat' dir='ltr'>i&#39;n</span> <span class='ocrx_word' id='word_1_32' title='bbox 1573 296 1777 357; x_wconf 74' lang='lat' dir='ltr'>somniis</span> 
     </span>
     <span class='ocr_line' id='line_1_5' title="bbox 7 363 1777 430; baseline -0.003 -17"><span class='ocrx_word' id='word_1_33' title='bbox 7 364 524 429; x_wconf 74' lang='lat' dir='ltr'>finguntJesuitarum</span> <span class='ocrx_word' id='word_1_34' title='bbox 546 369 769 430; x_wconf 88' lang='lat' dir='ltr'>ingenia,</span> <span class='ocrx_word' id='word_1_35' title='bbox 794 367 989 428; x_wconf 80' lang='lat' dir='ltr'>suisque</span> <span class='ocrx_word' id='word_1_36' title='bbox 1013 376 1305 426; x_wconf 85' lang='lat' dir='ltr'>excoquunt</span> <span class='ocrx_word' id='word_1_37' title='bbox 1325 363 1588 413; x_wconf 84' lang='lat' dir='ltr'>delirantes</span> <span class='ocrx_word' id='word_1_38' title='bbox 1609 363 1777 425; x_wconf 60' lang='lat' dir='ltr'>capiti,</span> 
     </span>
     <span class='ocr_line' id='line_1_6' title="bbox 31 424 1778 495; baseline -0.002 -20"><span class='ocrx_word' id='word_1_39' title='bbox 31 429 138 477; x_wconf 87' lang='lat' dir='ltr'>bus.</span> <span class='ocrx_word' id='word_1_40' title='bbox 206 430 280 478; x_wconf 88' lang='lat' dir='ltr'>Ita</span> <span class='ocrx_word' id='word_1_41' title='bbox 301 425 395 483; x_wconf 86' lang='lat' dir='ltr'>est,</span> <span class='ocrx_word' id='word_1_42' title='bbox 419 430 642 479; x_wconf 88' lang='lat' dir='ltr'>innocua</span> <span class='ocrx_word' id='word_1_43' title='bbox 669 432 874 495; x_wconf 78' lang='lat' dir='ltr'>patitur,</span> <span class='ocrx_word' id='word_1_44' title='bbox 900 429 1024 476; x_wconf 91' lang='lat' dir='ltr'>dum</span> <span class='ocrx_word' id='word_1_45' title='bbox 1056 425 1304 477; x_wconf 74' lang='lat' dir='ltr'>aMolinae</span> <span class='ocrx_word' id='word_1_46' title='bbox 1330 424 1592 480; x_wconf 73' lang='lat' dir='ltr'>calumniis</span> <span class='ocrx_word' id='word_1_47' title='bbox 1613 425 1778 493; x_wconf 85' lang='lat' dir='ltr'>Qes-</span> 
     </span>
     <span class='ocr_line' id='line_1_7' title="bbox 30 486 1779 557; baseline 0 -19"><span class='ocrx_word' id='word_1_48' title='bbox 30 491 147 539; x_wconf 90' lang='lat' dir='ltr'>nelli</span> <span class='ocrx_word' id='word_1_49' title='bbox 169 490 414 555; x_wconf 79' lang='lat' dir='ltr'>dogmata</span> <span class='ocrx_word' id='word_1_50' title='bbox 440 492 684 545; x_wconf 59' lang='lat' dir='ltr'>vindicam</span> <span class='ocrx_word' id='word_1_51' title='bbox 730 494 855 542; x_wconf 87' lang='lat' dir='ltr'>dum</span> <span class='ocrx_word' id='word_1_52' title='bbox 883 489 1143 557; x_wconf 82' lang='lat' dir='ltr'>praemiffas</span> <span class='ocrx_word' id='word_1_53' title='bbox 1174 490 1264 540; x_wconf 89' lang='lat' dir='ltr'>suo</span> <span class='ocrx_word' id='word_1_54' title='bbox 1291 488 1488 540; x_wconf 81' lang='lat' dir='ltr'>calculo</span> <span class='ocrx_word' id='word_1_55' title='bbox 1514 487 1727 551; x_wconf 72' lang='lat' dir='ltr'>probat,</span> <span class='ocrx_word' id='word_1_56' title='bbox 1748 486 1779 538; x_wconf 69' lang='grc' dir='ltr'>ἐι</span> 
     </span>
     <span class='ocr_line' id='line_1_8' title="bbox 30 552 1779 620; baseline -0.002 -18"><span class='ocrx_word' id='word_1_57' title='bbox 30 554 211 616; x_wconf 84' lang='lat' dir='ltr'>quibus</span> <span class='ocrx_word' id='word_1_58' title='bbox 236 554 557 620; x_wconf 85' lang='lat' dir='ltr'>Philosophia</span> <span class='ocrx_word' id='word_1_59' title='bbox 568 557 720 606; x_wconf 83' lang='lat' dir='ltr'>Orbis</span> <span class='ocrx_word' id='word_1_60' title='bbox 733 555 1007 607; x_wconf 82' lang='lat' dir='ltr'>Catholici.</span> <span class='ocrx_word' id='word_1_61' title='bbox 1027 552 1412 603; x_wconf 70' lang='lat' dir='ltr'>concluiionem</span> <span class='ocrx_word' id='word_1_62' title='bbox 1434 552 1651 603; x_wconf 85' lang='lat' dir='ltr'>deducit,</span> <span class='ocrx_word' id='word_1_63' title='bbox 1669 563 1779 600; x_wconf 86' lang='lat' dir='ltr'>non</span> 
     </span>
     <span class='ocr_line' id='line_1_9' title="bbox 30 615 1780 691; baseline -0.001 -26"><span class='ocrx_word' id='word_1_64' title='bbox 30 615 125 691; x_wconf 59' lang='lat' dir='ltr'>nifix</span> <span class='ocrx_word' id='word_1_65' title='bbox 134 616 397 682; x_wconf 74' lang='lat' dir='ltr'>pessimam</span> <span class='ocrx_word' id='word_1_66' title='bbox 411 651 424 673; x_wconf 91' lang='lat'>,</span> <span class='ocrx_word' id='word_1_67' title='bbox 445 619 800 674; x_wconf 85' lang='lat' dir='ltr'>scandalosam‚</span> <span class='ocrx_word' id='word_1_68' title='bbox 823 617 1107 681; x_wconf 82' lang='lat' dir='ltr'>sacrilegam</span> <span class='ocrx_word' id='word_1_69' title='bbox 1121 649 1134 672; x_wconf 86' lang='lat'>,</span> <span class='ocrx_word' id='word_1_70' title='bbox 1154 619 1206 667; x_wconf 66' lang='grc' dir='ltr'>ὅς</span> <span class='ocrx_word' id='word_1_71' title='bbox 1227 617 1331 667; x_wconf 87' lang='lat' dir='ltr'>hoc</span> <span class='ocrx_word' id='word_1_72' title='bbox 1351 615 1558 668; x_wconf 88' lang='lat' dir='ltr'>tandem</span> <span class='ocrx_word' id='word_1_73' title='bbox 1578 624 1780 679; x_wconf 81' lang='lat' dir='ltr'>tempo-</span> 
     </span>
     <span class='ocr_line' id='line_1_10' title="bbox 30 681 932 732; baseline -0.001 -3"><span class='ocrx_word' id='word_1_74' title='bbox 30 694 84 729; x_wconf 86' lang='lat' dir='ltr'>re</span> <span class='ocrx_word' id='word_1_75' title='bbox 107 697 135 730; x_wconf 86' lang='lat' dir='ltr'>e</span> <span class='ocrx_word' id='word_1_76' title='bbox 157 681 329 731; x_wconf 85' lang='lat' dir='ltr'>Galliae</span> <span class='ocrx_word' id='word_1_77' title='bbox 349 681 530 731; x_wconf 83' lang='lat' dir='ltr'>finibus</span> <span class='ocrx_word' id='word_1_78' title='bbox 556 683 932 732; x_wconf 85' lang='lat' dir='ltr'>eliminandam.</span> 
     </span>
    </p>

    <p class='ocr_par' dir='ltr' id='par_1_3' title="bbox 30 735 1790 1880">
     <span class='ocr_line' id='line_1_11' title="bbox 157 735 1780 806; baseline -0.004 -12"><span class='ocrx_word' id='word_1_79' title='bbox 157 745 357 796; x_wconf 85' lang='lat' dir='ltr'>LEUC:</span> <span class='ocrx_word' id='word_1_80' title='bbox 435 747 564 795; x_wconf 88' lang='lat' dir='ltr'>Non</span> <span class='ocrx_word' id='word_1_81' title='bbox 593 761 809 800; x_wconf 85' lang='lat' dir='ltr'>vanum,</span> <span class='ocrx_word' id='word_1_82' title='bbox 829 760 970 798; x_wconf 84' lang='lat' dir='ltr'>reor,</span> <span class='ocrx_word' id='word_1_83' title='bbox 998 739 1068 792; x_wconf 87' lang='lat' dir='ltr'>est</span> <span class='ocrx_word' id='word_1_84' title='bbox 1100 758 1285 796; x_wconf 84' lang='lat' dir='ltr'>omen,</span> <span class='ocrx_word' id='word_1_85' title='bbox 1308 741 1451 805; x_wconf 87' lang='lat' dir='ltr'>quod</span> <span class='ocrx_word' id='word_1_86' title='bbox 1482 738 1510 791; x_wconf 83' lang='grc' dir='ltr'>ὲ</span> <span class='ocrx_word' id='word_1_87' title='bbox 1529 735 1780 806; x_wconf 67' lang='lat' dir='ltr'>praemissis</span> 
     </span>
     <span class='ocr_line' id='line_1_12' title="bbox 30 801 1780 871; baseline -0.002 -18"><span class='ocrx_word' id='word_1_88' title='bbox 30 817 136 855; x_wconf 88' lang='lat' dir='ltr'>tam</span> <span class='ocrx_word' id='word_1_89' title='bbox 159 807 346 858; x_wconf 76' lang='lat' dir='ltr'>vitiosis</span> <span class='ocrx_word' id='word_1_90' title='bbox 366 809 396 865; x_wconf 92' lang='lat' dir='ltr'>J</span> <span class='ocrx_word' id='word_1_91' title='bbox 399 807 668 857; x_wconf 85' lang='lat' dir='ltr'>ansenianae</span> <span class='ocrx_word' id='word_1_92' title='bbox 692 808 874 858; x_wconf 80' lang='lat' dir='ltr'>Haeress</span> <span class='ocrx_word' id='word_1_93' title='bbox 903 806 1154 871; x_wconf 83' lang='lat' dir='ltr'>praesagire</span> <span class='ocrx_word' id='word_1_94' title='bbox 1176 805 1322 871; x_wconf 82' lang='lat' dir='ltr'>poffit</span> <span class='ocrx_word' id='word_1_95' title='bbox 1339 801 1667 868; x_wconf 76' lang='lat' dir='ltr'>friburgenfis</span> <span class='ocrx_word' id='word_1_96' title='bbox 1693 802 1780 850; x_wconf 92' lang='lat' dir='ltr'>Pe-</span> 
     </span>
     <span class='ocr_line' id='line_1_13' title="bbox 32 863 1780 933; baseline -0.003 -16"><span class='ocrx_word' id='word_1_97' title='bbox 32 870 231 933; x_wconf 83' lang='lat' dir='ltr'>ripatus.</span> <span class='ocrx_word' id='word_1_98' title='bbox 298 870 397 918; x_wconf 88' lang='lat' dir='ltr'>Sed</span> <span class='ocrx_word' id='word_1_99' title='bbox 416 871 595 918; x_wconf 88' lang='lat' dir='ltr'>vitioso</span> <span class='ocrx_word' id='word_1_100' title='bbox 618 872 717 924; x_wconf 87' lang='lat' dir='ltr'>jam</span> <span class='ocrx_word' id='word_1_101' title='bbox 736 885 883 918; x_wconf 88' lang='lat' dir='ltr'>more</span> <span class='ocrx_word' id='word_1_102' title='bbox 902 871 1050 917; x_wconf 89' lang='lat' dir='ltr'>faciet</span> <span class='ocrx_word' id='word_1_103' title='bbox 1068 870 1330 919; x_wconf 80' lang='lat' dir='ltr'>circulum,</span> <span class='ocrx_word' id='word_1_104' title='bbox 1352 871 1402 917; x_wconf 75' lang='lat' dir='ltr'>&lt;Sc</span> <span class='ocrx_word' id='word_1_105' title='bbox 1426 867 1454 915; x_wconf 76' lang='lat' dir='ltr'>a</span> <span class='ocrx_word' id='word_1_106' title='bbox 1467 863 1780 928; x_wconf 88' lang='lat' dir='ltr'>Philosophi·</span> 
     </span>
     <span class='ocr_line' id='line_1_14' title="bbox 32 924 1782 995; baseline -0.005 -16"><span class='ocrx_word' id='word_1_107' title='bbox 32 946 96 979; x_wconf 85' lang='lat' dir='ltr'>co</span> <span class='ocrx_word' id='word_1_108' title='bbox 121 931 318 995; x_wconf 80' lang='lat' dir='ltr'>tripode</span> <span class='ocrx_word' id='word_1_109' title='bbox 339 931 401 979; x_wconf 87' lang='lat' dir='ltr'>ad</span> <span class='ocrx_word' id='word_1_110' title='bbox 423 931 564 990; x_wconf 68' lang='lat' dir='ltr'>altius</span> <span class='ocrx_word' id='word_1_111' title='bbox 588 931 889 993; x_wconf 79' lang='lat' dir='ltr'>provocabit</span> <span class='ocrx_word' id='word_1_112' title='bbox 901 929 1162 978; x_wconf 88' lang='lat' dir='ltr'>Tribunal.</span> <span class='ocrx_word' id='word_1_113' title='bbox 1230 931 1387 975; x_wconf 89' lang='lat' dir='ltr'><em>MEL:</em></span> <span class='ocrx_word' id='word_1_114' title='bbox 1455 924 1645 975; x_wconf 84' lang='lat' dir='ltr'>Frustra</span> <span class='ocrx_word' id='word_1_115' title='bbox 1665 939 1782 988; x_wconf 86' lang='lat' dir='ltr'>pro-</span> 
     </span>
     <span class='ocr_line' id='line_1_15' title="bbox 32 985 1780 1055; baseline -0.005 -13"><span class='ocrx_word' id='word_1_116' title='bbox 32 1006 211 1043; x_wconf 83' lang='lat' dir='ltr'>vocat:</span> <span class='ocrx_word' id='word_1_117' title='bbox 247 993 311 1042; x_wconf 89' lang='lat' dir='ltr'>ad</span> <span class='ocrx_word' id='word_1_118' title='bbox 332 992 540 1042; x_wconf 82' lang='lat' dir='ltr'>Theolo</span> <span class='ocrx_word' id='word_1_119' title='bbox 579 994 715 1040; x_wconf 88' lang='lat' dir='ltr'>icum</span> <span class='ocrx_word' id='word_1_120' title='bbox 737 990 773 1039; x_wconf 78' lang='lat' dir='ltr'>si</span> <span class='ocrx_word' id='word_1_121' title='bbox 795 991 1025 1055; x_wconf 86' lang='lat' dir='ltr'>appellet,</span> <span class='ocrx_word' id='word_1_122' title='bbox 1047 989 1243 1037; x_wconf 87' lang='lat' dir='ltr'>dudum</span> <span class='ocrx_word' id='word_1_123' title='bbox 1265 989 1390 1036; x_wconf 86' lang='lat' dir='ltr'>illius</span> <span class='ocrx_word' id='word_1_124' title='bbox 1409 985 1687 1038; x_wconf 83' lang='lat' dir='ltr'>conclusio,</span> <span class='ocrx_word' id='word_1_125' title='bbox 1708 987 1780 1034; x_wconf 91' lang='lat' dir='ltr'>ni-</span> 
     </span>
     <span class='ocr_line' id='line_1_16' title="bbox 33 1046 1782 1120; baseline -0.006 -14"><span class='ocrx_word' id='word_1_126' title='bbox 33 1072 127 1120; x_wconf 88' lang='lat' dir='ltr'>gro</span> <span class='ocrx_word' id='word_1_127' title='bbox 148 1068 324 1106; x_wconf 86' lang='lat' dir='ltr'>notata</span> <span class='ocrx_word' id='word_1_128' title='bbox 342 1053 411 1104; x_wconf 88' lang='lat' dir='ltr'>cst</span> <span class='ocrx_word' id='word_1_129' title='bbox 436 1068 549 1104; x_wconf 86' lang='lat' dir='ltr'>anat</span> <span class='ocrx_word' id='word_1_130' title='bbox 589 1055 763 1104; x_wconf 85' lang='lat' dir='ltr'>ematis</span> <span class='ocrx_word' id='word_1_131' title='bbox 777 1052 990 1102; x_wconf 74' lang='lat' dir='ltr'>calculo,</span> <span class='ocrx_word' id='word_1_132' title='bbox 1058 1053 1109 1101; x_wconf 86' lang='lat' dir='ltr'>Si</span> <span class='ocrx_word' id='word_1_133' title='bbox 1129 1051 1417 1100; x_wconf 73' lang='lat' dir='ltr'>afacultate</span> <span class='ocrx_word' id='word_1_134' title='bbox 1428 1046 1648 1108; x_wconf 64' lang='lat' dir='ltr'>juridica</span> <span class='ocrx_word' id='word_1_135' title='bbox 1660 1048 1782 1097; x_wconf 85' lang='lat' dir='ltr'>Sen-</span> 
     </span>
     <span class='ocr_line' id='line_1_17' title="bbox 34 1113 1782 1184; baseline -0.005 -16"><span class='ocrx_word' id='word_1_136' title='bbox 34 1122 243 1168; x_wconf 85' lang='lat' dir='ltr'>tentiam</span> <span class='ocrx_word' id='word_1_137' title='bbox 267 1131 417 1184; x_wconf 83' lang='lat' dir='ltr'>petat,</span> <span class='ocrx_word' id='word_1_138' title='bbox 444 1119 577 1166; x_wconf 88' lang='lat' dir='ltr'>dicet</span> <span class='ocrx_word' id='word_1_139' title='bbox 597 1118 678 1166; x_wconf 87' lang='lat' dir='ltr'>illa</span> <span class='ocrx_word' id='word_1_140' title='bbox 701 1115 728 1166; x_wconf 80' lang='grc' dir='ltr'>ὲ</span> <span class='ocrx_word' id='word_1_141' title='bbox 751 1114 998 1181; x_wconf 74' lang='lat' dir='ltr'>praemiss&#39;is</span> <span class='ocrx_word' id='word_1_142' title='bbox 1019 1148 1032 1165; x_wconf 80' lang='lat'>,</span> <span class='ocrx_word' id='word_1_143' title='bbox 1067 1129 1177 1177; x_wconf 85' lang='lat' dir='ltr'>quae</span> <span class='ocrx_word' id='word_1_144' title='bbox 1208 1126 1386 1163; x_wconf 87' lang='lat' dir='ltr'>contra</span> <span class='ocrx_word' id='word_1_145' title='bbox 1407 1114 1435 1171; x_wconf 93' lang='lat' dir='ltr'>J</span> <span class='ocrx_word' id='word_1_146' title='bbox 1441 1128 1497 1161; x_wconf 89' lang='lat' dir='ltr'>us</span> <span class='ocrx_word' id='word_1_147' title='bbox 1530 1113 1782 1161; x_wconf 84' lang='lat' dir='ltr'>Divinum</span> 
     </span>
     <span class='ocr_line' id='line_1_18' title="bbox 35 1176 1784 1244; baseline -0.005 -12"><span class='ocrx_word' id='word_1_148' title='bbox 35 1183 183 1232; x_wconf 78' lang='lat' dir='ltr'>DEO</span> <span class='ocrx_word' id='word_1_149' title='bbox 210 1183 458 1244; x_wconf 83' lang='lat' dir='ltr'>denegant</span> <span class='ocrx_word' id='word_1_150' title='bbox 473 1182 788 1230; x_wconf 84' lang='lat' dir='ltr'>Bonitatem:</span> <span class='ocrx_word' id='word_1_151' title='bbox 827 1194 935 1242; x_wconf 83' lang='lat' dir='ltr'>quae</span> <span class='ocrx_word' id='word_1_152' title='bbox 958 1177 1182 1227; x_wconf 82' lang='lat' dir='ltr'>Ecclcfiae</span> <span class='ocrx_word' id='word_1_153' title='bbox 1196 1176 1580 1226; x_wconf 85' lang='lat' dir='ltr'>Authoritatem</span> <span class='ocrx_word' id='word_1_154' title='bbox 1604 1185 1784 1223; x_wconf 85' lang='lat' dir='ltr'>contra</span> 
     </span>
     <span class='ocr_line' id='line_1_19' title="bbox 34 1239 1784 1310; baseline -0.006 -15"><span class='ocrx_word' id='word_1_155' title='bbox 34 1247 62 1304; x_wconf 90' lang='lat' dir='ltr'>J</span> <span class='ocrx_word' id='word_1_156' title='bbox 70 1262 123 1294; x_wconf 87' lang='lat' dir='ltr'>us</span> <span class='ocrx_word' id='word_1_157' title='bbox 146 1244 441 1310; x_wconf 76' lang='lat' dir='ltr'>positivum:</span> <span class='ocrx_word' id='word_1_158' title='bbox 477 1258 587 1306; x_wconf 85' lang='lat' dir='ltr'>quae</span> <span class='ocrx_word' id='word_1_159' title='bbox 606 1254 783 1292; x_wconf 83' lang='lat' dir='ltr'>contra</span> <span class='ocrx_word' id='word_1_160' title='bbox 795 1243 823 1301; x_wconf 89' lang='lat' dir='ltr'>J</span> <span class='ocrx_word' id='word_1_161' title='bbox 829 1257 881 1291; x_wconf 88' lang='lat' dir='ltr'>us</span> <span class='ocrx_word' id='word_1_162' title='bbox 892 1242 1138 1301; x_wconf 85' lang='lat' dir='ltr'>Gentium</span> <span class='ocrx_word' id='word_1_163' title='bbox 1157 1239 1460 1290; x_wconf 85' lang='lat' dir='ltr'>Mortalibus</span> <span class='ocrx_word' id='word_1_164' title='bbox 1475 1239 1635 1302; x_wconf 85' lang='lat' dir='ltr'>spem:</span> <span class='ocrx_word' id='word_1_165' title='bbox 1673 1251 1784 1299; x_wconf 84' lang='lat' dir='ltr'>quae</span> 
     </span>
     <span class='ocr_line' id='line_1_20' title="bbox 36 1298 1784 1369; baseline -0.005 -12"><span class='ocrx_word' id='word_1_166' title='bbox 36 1321 217 1357; x_wconf 86' lang='lat' dir='ltr'>contra</span> <span class='ocrx_word' id='word_1_167' title='bbox 235 1309 323 1368; x_wconf 90' lang='lat' dir='ltr'>Jus</span> <span class='ocrx_word' id='word_1_168' title='bbox 348 1308 589 1357; x_wconf 78' lang='lat' dir='ltr'>Naturale</span> <span class='ocrx_word' id='word_1_169' title='bbox 603 1340 616 1360; x_wconf 91' lang='lat'>,</span> <span class='ocrx_word' id='word_1_170' title='bbox 642 1307 846 1355; x_wconf 85' lang='lat' dir='ltr'>Naturae</span> <span class='ocrx_word' id='word_1_171' title='bbox 865 1304 1115 1369; x_wconf 88' lang='lat' dir='ltr'>denegant</span> <span class='ocrx_word' id='word_1_172' title='bbox 1138 1304 1417 1353; x_wconf 87' lang='lat' dir='ltr'>libertatem</span> <span class='ocrx_word' id='word_1_173' title='bbox 1437 1320 1446 1350; x_wconf 93' lang='lat'>:</span> <span class='ocrx_word' id='word_1_174' title='bbox 1468 1298 1495 1351; x_wconf 80' lang='grc' dir='ltr'>ὲ</span> <span class='ocrx_word' id='word_1_175' title='bbox 1516 1301 1693 1349; x_wconf 86' lang='lat' dir='ltr'>talibus</span> <span class='ocrx_word' id='word_1_176' title='bbox 1714 1299 1784 1349; x_wconf 88' lang='lat' dir='ltr'>di-</span> 
     </span>
     <span class='ocr_line' id='line_1_21' title="bbox 38 1362 1783 1436; baseline -0.006 -16"><span class='ocrx_word' id='word_1_177' title='bbox 38 1384 156 1420; x_wconf 88' lang='lat' dir='ltr'>cent</span> <span class='ocrx_word' id='word_1_178' title='bbox 183 1369 431 1436; x_wconf 73' lang='lat' dir='ltr'>praemiss&#39;is</span> <span class='ocrx_word' id='word_1_179' title='bbox 452 1367 834 1419; x_wconf 70' lang='lat' dir='ltr'>conclusionem</span> <span class='ocrx_word' id='word_1_180' title='bbox 858 1382 966 1417; x_wconf 90' lang='lat' dir='ltr'>non</span> <span class='ocrx_word' id='word_1_181' title='bbox 986 1366 1122 1432; x_wconf 81' lang='lat' dir='ltr'>poffe</span> <span class='ocrx_word' id='word_1_182' title='bbox 1148 1368 1310 1429; x_wconf 86' lang='lat' dir='ltr'>sequi,</span> <span class='ocrx_word' id='word_1_183' title='bbox 1334 1365 1421 1415; x_wconf 81' lang='lat' dir='ltr'>nifi</span> <span class='ocrx_word' id='word_1_184' title='bbox 1443 1362 1783 1415; x_wconf 84' lang='lat' dir='ltr'>scandalosam</span> 
     </span>
     <span class='ocr_line' id='line_1_22' title="bbox 38 1427 1783 1500; baseline -0.007 -15"><span class='ocrx_word' id='word_1_185' title='bbox 38 1436 234 1500; x_wconf 85' lang='lat' dir='ltr'>Superis</span> <span class='ocrx_word' id='word_1_186' title='bbox 248 1468 262 1489; x_wconf 88' lang='lat'>,</span> <span class='ocrx_word' id='word_1_187' title='bbox 280 1431 496 1498; x_wconf 85' lang='lat' dir='ltr'>ipsisque</span> <span class='ocrx_word' id='word_1_188' title='bbox 518 1432 692 1483; x_wconf 83' lang='lat' dir='ltr'>Inferis</span> <span class='ocrx_word' id='word_1_189' title='bbox 714 1430 1062 1481; x_wconf 80' lang='lat' dir='ltr'>execrandam.</span> <span class='ocrx_word' id='word_1_190' title='bbox 1130 1429 1295 1495; x_wconf 81' lang='lat' dir='ltr'>Qod</span> <span class='ocrx_word' id='word_1_191' title='bbox 1323 1428 1356 1478; x_wconf 86' lang='lat' dir='ltr'>fi</span> <span class='ocrx_word' id='word_1_192' title='bbox 1378 1430 1647 1494; x_wconf 86' lang='lat' dir='ltr'>agonizans</span> <span class='ocrx_word' id='word_1_193' title='bbox 1667 1427 1783 1483; x_wconf 89' lang='lat' dir='ltr'>Jan-</span> 
     </span>
     <span class='ocr_line' id='line_1_23' title="bbox 41 1489 1786 1557; baseline -0.006 -11"><span class='ocrx_word' id='word_1_194' title='bbox 41 1498 200 1547; x_wconf 83' lang='lat' dir='ltr'>senius</span> <span class='ocrx_word' id='word_1_195' title='bbox 229 1497 257 1546; x_wconf 74' lang='lat' dir='ltr'>a</span> <span class='ocrx_word' id='word_1_196' title='bbox 284 1499 535 1548; x_wconf 84' lang='lat' dir='ltr'>Facultate</span> <span class='ocrx_word' id='word_1_197' title='bbox 562 1492 768 1546; x_wconf 69' lang='lat' dir='ltr'>Medica</span> <span class='ocrx_word' id='word_1_198' title='bbox 793 1510 952 1544; x_wconf 89' lang='lat' dir='ltr'>omen</span> <span class='ocrx_word' id='word_1_199' title='bbox 984 1495 1231 1557; x_wconf 78' lang='lat' dir='ltr'>exquirat,</span> <span class='ocrx_word' id='word_1_200' title='bbox 1251 1493 1383 1542; x_wconf 90' lang='lat' dir='ltr'>dicet</span> <span class='ocrx_word' id='word_1_201' title='bbox 1413 1493 1518 1546; x_wconf 85' lang='lat' dir='ltr'>illa,</span> <span class='ocrx_word' id='word_1_202' title='bbox 1539 1489 1786 1538; x_wconf 81' lang='lat' dir='ltr'>moi-bum</span> 
     </span>
     <span class='ocr_line' id='line_1_24' title="bbox 42 1552 1789 1626; baseline -0.006 -16"><span class='ocrx_word' id='word_1_203' title='bbox 42 1560 104 1610; x_wconf 86' lang='lat' dir='ltr'>ab</span> <span class='ocrx_word' id='word_1_204' title='bbox 128 1560 233 1625; x_wconf 88' lang='lat' dir='ltr'>ipso</span> <span class='ocrx_word' id='word_1_205' title='bbox 258 1572 452 1626; x_wconf 84' lang='lat' dir='ltr'>aegroto</span> <span class='ocrx_word' id='word_1_206' title='bbox 481 1575 745 1623; x_wconf 86' lang='lat' dir='ltr'>nunquam</span> <span class='ocrx_word' id='word_1_207' title='bbox 771 1561 995 1623; x_wconf 88' lang='lat' dir='ltr'>agnitum</span> <span class='ocrx_word' id='word_1_208' title='bbox 1011 1591 1023 1612; x_wconf 88' lang='lat'>‚</span> <span class='ocrx_word' id='word_1_209' title='bbox 1045 1558 1147 1615; x_wconf 77' lang='lat' dir='ltr'>jam</span> <span class='ocrx_word' id='word_1_210' title='bbox 1174 1555 1267 1605; x_wconf 78' lang='lat' dir='ltr'>effe</span> <span class='ocrx_word' id='word_1_211' title='bbox 1295 1556 1499 1605; x_wconf 82' lang='lat' dir='ltr'>fatalem</span> <span class='ocrx_word' id='word_1_212' title='bbox 1515 1587 1527 1608; x_wconf 82' lang='lat'>‚</span> <span class='ocrx_word' id='word_1_213' title='bbox 1549 1557 1599 1604; x_wconf 74' lang='grc' dir='ltr'>δε</span> <span class='ocrx_word' id='word_1_214' title='bbox 1629 1552 1789 1601; x_wconf 72' lang='lat' dir='ltr'>infau-</span> 
     </span>
     <span class='ocr_line' id='line_1_25' title="bbox 41 1614 1786 1689; baseline -0.007 -16"><span class='ocrx_word' id='word_1_215' title='bbox 41 1621 167 1674; x_wconf 84' lang='lat' dir='ltr'>stam</span> <span class='ocrx_word' id='word_1_216' title='bbox 190 1623 459 1674; x_wconf 83' lang='lat' dir='ltr'>neceffario</span> <span class='ocrx_word' id='word_1_217' title='bbox 488 1620 601 1689; x_wconf 85' lang='lat' dir='ltr'>post</span> <span class='ocrx_word' id='word_1_218' title='bbox 626 1623 673 1672; x_wconf 89' lang='lat' dir='ltr'>se</span> <span class='ocrx_word' id='word_1_219' title='bbox 694 1621 887 1672; x_wconf 82' lang='lat' dir='ltr'>trahere</span> <span class='ocrx_word' id='word_1_220' title='bbox 907 1621 1193 1670; x_wconf 82' lang='lat' dir='ltr'>clausulam.</span> <span class='ocrx_word' id='word_1_221' title='bbox 1273 1619 1372 1669; x_wconf 86' lang='lat' dir='ltr'>Sed</span> <span class='ocrx_word' id='word_1_222' title='bbox 1394 1621 1443 1669; x_wconf 69' lang='grc' dir='ltr'>ὅ(</span> <span class='ocrx_word' id='word_1_223' title='bbox 1466 1616 1500 1666; x_wconf 85' lang='lat' dir='ltr'><strong>fi</strong></span> <span class='ocrx_word' id='word_1_224' title='bbox 1520 1614 1673 1681; x_wconf 86' lang='lat' dir='ltr'>ipsam</span> <span class='ocrx_word' id='word_1_225' title='bbox 1702 1615 1786 1662; x_wconf 87' lang='lat' dir='ltr'>Hi·</span> 
     </span>
     <span class='ocr_line' id='line_1_26' title="bbox 40 1677 1790 1752; baseline -0.006 -16"><span class='ocrx_word' id='word_1_226' title='bbox 40 1684 246 1737; x_wconf 85' lang='lat' dir='ltr'>storiam</span> <span class='ocrx_word' id='word_1_227' title='bbox 266 1687 515 1742; x_wconf 86' lang='lat' dir='ltr'>consulat,</span> <span class='ocrx_word' id='word_1_228' title='bbox 534 1688 697 1751; x_wconf 84' lang='lat' dir='ltr'>legere</span> <span class='ocrx_word' id='word_1_229' title='bbox 714 1687 899 1752; x_wconf 85' lang='lat' dir='ltr'>poterit</span> <span class='ocrx_word' id='word_1_230' title='bbox 918 1683 1097 1734; x_wconf 86' lang='lat' dir='ltr'>similes</span> <span class='ocrx_word' id='word_1_231' title='bbox 1115 1686 1167 1732; x_wconf 92' lang='lat' dir='ltr'>in</span> <span class='ocrx_word' id='word_1_232' title='bbox 1192 1683 1483 1748; x_wconf 89' lang='lat' dir='ltr'>Hugonotis</span> <span class='ocrx_word' id='word_1_233' title='bbox 1502 1677 1759 1745; x_wconf 79' lang='lat' dir='ltr'>praemiffas</span> <span class='ocrx_word' id='word_1_234' title='bbox 1776 1709 1790 1730; x_wconf 90' lang='lat'>‚</span> 
     </span>
     <span class='ocr_line' id='line_1_27' title="bbox 43 1741 1790 1814; baseline -0.007 -14"><span class='ocrx_word' id='word_1_235' title='bbox 43 1750 226 1813; x_wconf 87' lang='lat' dir='ltr'>quibus</span> <span class='ocrx_word' id='word_1_236' title='bbox 243 1753 352 1802; x_wconf 87' lang='lat' dir='ltr'>Rex</span> <span class='ocrx_word' id='word_1_237' title='bbox 372 1751 453 1800; x_wconf 91' lang='lat' dir='ltr'>ille</span> <span class='ocrx_word' id='word_1_238' title='bbox 476 1752 711 1814; x_wconf 86' lang='lat' dir='ltr'>Magnus,</span> <span class='ocrx_word' id='word_1_239' title='bbox 724 1765 857 1800; x_wconf 82' lang='lat' dir='ltr'>-mox</span> <span class='ocrx_word' id='word_1_240' title='bbox 875 1749 926 1797; x_wconf 92' lang='lat' dir='ltr'>in</span> <span class='ocrx_word' id='word_1_241' title='bbox 942 1749 1219 1812; x_wconf 86' lang='lat' dir='ltr'>Regiminis</span> <span class='ocrx_word' id='word_1_242' title='bbox 1236 1748 1305 1796; x_wconf 91' lang='lat' dir='ltr'>sui</span> <span class='ocrx_word' id='word_1_243' title='bbox 1332 1744 1559 1800; x_wconf 83' lang='lat' dir='ltr'>exordio,</span> <span class='ocrx_word' id='word_1_244' title='bbox 1586 1741 1790 1791; x_wconf 86' lang='lat' dir='ltr'>fatalem</span> 
     </span>
     <span class='ocr_line' id='line_1_28' title="bbox 45 1801 1790 1880; baseline -0.006 -17"><span class='ocrx_word' id='word_1_245' title='bbox 45 1814 184 1863; x_wconf 88' lang='lat' dir='ltr'>dedit</span> <span class='ocrx_word' id='word_1_246' title='bbox 205 1815 482 1880; x_wconf 71' lang='lat' dir='ltr'>epilogum.</span> <span class='ocrx_word' id='word_1_247' title='bbox 564 1815 803 1877; x_wconf 82' lang='lat' dir='ltr'>Denique</span> <span class='ocrx_word' id='word_1_248' title='bbox 827 1812 900 1863; x_wconf 78' lang='lat' dir='ltr'>his</span> <span class='ocrx_word' id='word_1_249' title='bbox 926 1811 1034 1876; x_wconf 85' lang='lat' dir='ltr'>ipfis</span> <span class='ocrx_word' id='word_1_250' title='bbox 1051 1814 1103 1860; x_wconf 85' lang='lat' dir='ltr'>in</span> <span class='ocrx_word' id='word_1_251' title='bbox 1124 1806 1526 1866; x_wconf 80' lang='lat' dir='ltr'>circumstantiis,</span> <span class='ocrx_word' id='word_1_252' title='bbox 1554 1801 1696 1869; x_wconf 76' lang='lat' dir='ltr'>arque</span> <span class='ocrx_word' id='word_1_253' title='bbox 1719 1806 1790 1852; x_wconf 87' lang='lat' dir='ltr'>in-</span> 
     </span>
    </p>

    <p class='ocr_par' dir='ltr' id='par_1_4' title="bbox 0 1868 2004 2620">
     <span class='ocr_line' id='line_1_29' title="bbox 0 1868 1790 1991; baseline -0.008 -64"><span class='ocrx_word' id='word_1_254' title='bbox 0 1901 7 1910; x_wconf 90' lang='lat'><em>·</em></span> <span class='ocrx_word' id='word_1_255' title='bbox 45 1874 260 1928; x_wconf 86' lang='lat' dir='ltr'>faustam</span> <span class='ocrx_word' id='word_1_256' title='bbox 287 1879 357 1927; x_wconf 88' lang='lat' dir='ltr'>illi</span> <span class='ocrx_word' id='word_1_257' title='bbox 380 1876 599 1991; x_wconf 64' lang='lat' dir='ltr'>praesagit</span> <span class='ocrx_word' id='word_1_258' title='bbox 636 1873 1006 1941; x_wconf 85' lang='lat' dir='ltr'>Catastrophen</span> <span class='ocrx_word' id='word_1_259' title='bbox 1033 1871 1364 1939; x_wconf 89' lang='lat' dir='ltr'>Astrosophia</span> <span class='ocrx_word' id='word_1_260' title='bbox 1395 1872 1637 1923; x_wconf 74' lang='lat' dir='ltr'>divinior,</span> <span class='ocrx_word' id='word_1_261' title='bbox 1665 1868 1790 1916; x_wconf 82' lang='lat' dir='ltr'>dum</span> 
     </span>
     <span class='ocr_line' id='line_1_30' title="bbox 48 1932 1791 1998; baseline -0.007 -8"><span class='ocrx_word' id='word_1_262' title='bbox 48 1956 298 1991; x_wconf 89' lang='lat' dir='ltr'>coronam</span> <span class='ocrx_word' id='word_1_263' title='bbox 320 1956 376 1990; x_wconf 85' lang='lat' dir='ltr'>ex</span> <span class='ocrx_word' id='word_1_264' title='bbox 392 1942 517 1991; x_wconf 64' lang='lat' dir='ltr'>iibet</span> <span class='ocrx_word' id='word_1_265' title='bbox 541 1940 867 1998; x_wconf 67' lang='lat' dir='ltr'>conjuneram</span> <span class='ocrx_word' id='word_1_266' title='bbox 893 1940 1074 1992; x_wconf 86' lang='lat' dir='ltr'>Cruci,</span> <span class='ocrx_word' id='word_1_267' title='bbox 1095 1938 1222 1988; x_wconf 90' lang='lat' dir='ltr'>volo</span> <span class='ocrx_word' id='word_1_268' title='bbox 1254 1937 1443 1989; x_wconf 87' lang='lat' dir='ltr'>dicere,</span> <span class='ocrx_word' id='word_1_269' title='bbox 1466 1948 1662 1984; x_wconf 88' lang='lat' dir='ltr'>novum</span> <span class='ocrx_word' id='word_1_270' title='bbox 1691 1932 1791 1979; x_wconf 84' lang='lat' dir='ltr'>Re-</span> 
     </span>
     <span class='ocr_line' id='line_1_31' title="bbox 49 1992 1794 2067; baseline -0.007 -14"><span class='ocrx_word' id='word_1_271' title='bbox 49 2020 168 2053; x_wconf 60' lang='lat' dir='ltr'>otem</span> <span class='ocrx_word' id='word_1_272' title='bbox 187 2019 332 2054; x_wconf 90' lang='lat' dir='ltr'>novo</span> <span class='ocrx_word' id='word_1_273' title='bbox 355 2003 604 2055; x_wconf 89' lang='lat' dir='ltr'>Pontifici.</span> <span class='ocrx_word' id='word_1_274' title='bbox 670 2005 902 2067; x_wconf 86' lang='lat' dir='ltr'>Percipe,</span> <span class='ocrx_word' id='word_1_275' title='bbox 927 2001 1082 2065; x_wconf 78' lang='lat' dir='ltr'>quam</span> <span class='ocrx_word' id='word_1_276' title='bbox 1103 2016 1210 2050; x_wconf 91' lang='lat' dir='ltr'>non</span> <span class='ocrx_word' id='word_1_277' title='bbox 1235 2016 1292 2049; x_wconf 86' lang='lat' dir='ltr'>ex</span> <span class='ocrx_word' id='word_1_278' title='bbox 1315 2015 1451 2050; x_wconf 86' lang='lat' dir='ltr'>vano</span> <span class='ocrx_word' id='word_1_279' title='bbox 1473 1995 1669 2062; x_wconf 87' lang='lat' dir='ltr'>tripode</span> <span class='ocrx_word' id='word_1_280' title='bbox 1688 1992 1794 2042; x_wconf 85' lang='lat' dir='ltr'>hoc</span> 
     </span>
     <span class='ocr_line' id='line_1_32' title="bbox 49 2044 1794 2133; baseline -0.007 -15"><span class='ocrx_word' id='word_1_281' title='bbox 49 2044 173 2118; x_wconf 55' lang='lat' dir='ltr'>ffiuat</span> <span class='ocrx_word' id='word_1_282' title='bbox 194 2069 482 2133; x_wconf 79' lang='lat' dir='ltr'>augurium,</span> <span class='ocrx_word' id='word_1_283' title='bbox 502 2063 772 2131; x_wconf 87' lang='lat' dir='ltr'>postquam</span> <span class='ocrx_word' id='word_1_284' title='bbox 795 2067 1073 2116; x_wconf 86' lang='lat' dir='ltr'>Mercurius</span> <span class='ocrx_word' id='word_1_285' title='bbox 1093 2064 1224 2115; x_wconf 88' lang='lat' dir='ltr'>hanc</span> <span class='ocrx_word' id='word_1_286' title='bbox 1245 2062 1430 2120; x_wconf 85' lang='lat' dir='ltr'>Parifijs</span> <span class='ocrx_word' id='word_1_287' title='bbox 1449 2060 1610 2110; x_wconf 86' lang='lat' dir='ltr'>attulit</span> <span class='ocrx_word' id='word_1_288' title='bbox 1636 2071 1794 2122; x_wconf 88' lang='lat' dir='ltr'>nuper</span> 
     </span>
     <span class='ocr_line' id='line_1_33' title="bbox 53 2121 1793 2198; baseline -0.009 -17"><span class='ocrx_word' id='word_1_289' title='bbox 53 2133 314 2198; x_wconf 85' lang='lat' dir='ltr'>epitomen</span> <span class='ocrx_word' id='word_1_290' title='bbox 332 2131 680 2180; x_wconf 85' lang='lat' dir='ltr'>declarationis</span> <span class='ocrx_word' id='word_1_291' title='bbox 693 2163 706 2184; x_wconf 87' lang='lat'>,</span> <span class='ocrx_word' id='word_1_292' title='bbox 732 2128 761 2178; x_wconf 74' lang='lat' dir='ltr'>a</span> <span class='ocrx_word' id='word_1_293' title='bbox 778 2129 1051 2180; x_wconf 89' lang='lat' dir='ltr'>Ludovico</span> <span class='ocrx_word' id='word_1_294' title='bbox 1070 2129 1186 2179; x_wconf 88' lang='lat' dir='ltr'>XV.</span> <span class='ocrx_word' id='word_1_295' title='bbox 1207 2130 1258 2176; x_wconf 90' lang='lat' dir='ltr'>in</span> <span class='ocrx_word' id='word_1_296' title='bbox 1278 2125 1613 2177; x_wconf 90' lang='lat' dir='ltr'>Acatholicos</span> <span class='ocrx_word' id='word_1_297' title='bbox 1634 2121 1793 2170; x_wconf 85' lang='lat' dir='ltr'>editae.</span> 
     </span>
     <span class='ocr_line' id='line_1_34' title="bbox 51 2184 1796 2259; baseline -0.01 -13"><span class='ocrx_word' id='word_1_298' title='bbox 51 2195 344 2246; x_wconf 88' lang='lat' dir='ltr'>Ludovicus</span> <span class='ocrx_word' id='word_1_299' title='bbox 365 2194 480 2244; x_wconf 80' lang='lat' dir='ltr'>XV..</span> <span class='ocrx_word' id='word_1_300' title='bbox 501 2191 847 2259; x_wconf 76' lang='lat' dir='ltr'>gloriosissima</span> <span class='ocrx_word' id='word_1_301' title='bbox 865 2192 1120 2250; x_wconf 79' lang='lat' dir='ltr'>majorum</span> <span class='ocrx_word' id='word_1_302' title='bbox 1139 2187 1338 2256; x_wconf 87' lang='lat' dir='ltr'>vestigia</span> <span class='ocrx_word' id='word_1_303' title='bbox 1357 2188 1693 2239; x_wconf 75' lang='lat' dir='ltr'>aemulaturus,</span> <span class='ocrx_word' id='word_1_304' title='bbox 1714 2184 1796 2231; x_wconf 90' lang='lat' dir='ltr'>de-</span> 
     </span>
     <span class='ocr_line' id='line_1_35' title="bbox 52 2250 2004 2319; baseline -0.007 -11"><span class='ocrx_word' id='word_1_305' title='bbox 52 2271 186 2308; x_wconf 89' lang='lat' dir='ltr'>creta</span> <span class='ocrx_word' id='word_1_306' title='bbox 208 2261 408 2311; x_wconf 82' lang='lat' dir='ltr'>omnia,</span> <span class='ocrx_word' id='word_1_307' title='bbox 436 2257 464 2307; x_wconf 73' lang='lat' dir='ltr'>a</span> <span class='ocrx_word' id='word_1_308' title='bbox 485 2257 758 2307; x_wconf 87' lang='lat' dir='ltr'>Ludovico</span> <span class='ocrx_word' id='word_1_309' title='bbox 787 2257 927 2305; x_wconf 84' lang='lat' dir='ltr'>XIV.</span> <span class='ocrx_word' id='word_1_310' title='bbox 951 2254 1178 2319; x_wconf 67' lang='lat' dir='ltr'>gloriosae</span> <span class='ocrx_word' id='word_1_311' title='bbox 1207 2255 1468 2304; x_wconf 84' lang='lat' dir='ltr'>memoriae</span> <span class='ocrx_word' id='word_1_312' title='bbox 1485 2284 1497 2304; x_wconf 84' lang='lat'>,</span> <span class='ocrx_word' id='word_1_313' title='bbox 1519 2260 1692 2299; x_wconf 82' lang='lat' dir='ltr'>contra</span> <span class='ocrx_word' id='word_1_314' title='bbox 1724 2260 1795 2292; x_wconf 81' lang='lat' dir='ltr'>re·</span> <span class='ocrx_word' id='word_1_315' title='bbox 1824 2262 1870 2310; x_wconf 83' lang='lat'>7.</span> <span class='ocrx_word' id='word_1_316' title='bbox 1890 2250 2004 2310; x_wconf 71' lang='lat' dir='ltr'>Jun.</span> 
     </span>
     <span class='ocr_line' id='line_1_36' title="bbox 53 2314 2002 2385; baseline -0.009 -14"><span class='ocrx_word' id='word_1_317' title='bbox 53 2322 284 2371; x_wconf 67' lang='lat' dir='ltr'>formatae</span> <span class='ocrx_word' id='word_1_318' title='bbox 307 2322 584 2385; x_wconf 82' lang='lat' dir='ltr'>Religionis</span> <span class='ocrx_word' id='word_1_319' title='bbox 607 2319 827 2370; x_wconf 78' lang='lat' dir='ltr'>Ass&#39;eclas</span> <span class='ocrx_word' id='word_1_320' title='bbox 849 2318 1054 2373; x_wconf 89' lang='lat' dir='ltr'>sancita,</span> <span class='ocrx_word' id='word_1_321' title='bbox 1072 2317 1286 2368; x_wconf 82' lang='lat' dir='ltr'>renovat</span> <span class='ocrx_word' id='word_1_322' title='bbox 1301 2350 1314 2370; x_wconf 89' lang='lat'>‚</span> <span class='ocrx_word' id='word_1_323' title='bbox 1341 2314 1626 2364; x_wconf 82' lang='lat' dir='ltr'>confirmat,</span> <span class='ocrx_word' id='word_1_324' title='bbox 1647 2322 1795 2371; x_wconf 86' lang='lat' dir='ltr'>atque</span> <span class='ocrx_word' id='word_1_325' title='bbox 1863 2326 2002 2372; x_wconf 74' lang='lat'>1724.</span> 
     </span>
     <span class='ocr_line' id='line_1_37' title="bbox 56 2377 1796 2446; baseline -0.009 -12"><span class='ocrx_word' id='word_1_326' title='bbox 56 2384 373 2434; x_wconf 63' lang='lat' dir='ltr'>omnimodae</span> <span class='ocrx_word' id='word_1_327' title='bbox 397 2384 679 2433; x_wconf 84' lang='lat' dir='ltr'>executioni</span> <span class='ocrx_word' id='word_1_328' title='bbox 701 2383 804 2431; x_wconf 89' lang='lat' dir='ltr'>dari</span> <span class='ocrx_word' id='word_1_329' title='bbox 824 2384 1063 2446; x_wconf 85' lang='lat' dir='ltr'>imperat,</span> <span class='ocrx_word' id='word_1_330' title='bbox 1087 2378 1374 2446; x_wconf 68' lang='lat' dir='ltr'>gravissimis</span> <span class='ocrx_word' id='word_1_331' title='bbox 1391 2377 1552 2442; x_wconf 84' lang='lat' dir='ltr'>poenis</span> <span class='ocrx_word' id='word_1_332' title='bbox 1577 2377 1626 2424; x_wconf 88' lang='lat' dir='ltr'>in</span> <span class='ocrx_word' id='word_1_333' title='bbox 1646 2386 1796 2420; x_wconf 73' lang='lat' dir='ltr'>trans-</span> 
     </span>
     <span class='ocr_line' id='line_1_38' title="bbox 56 2437 1797 2514; baseline -0.009 -16"><span class='ocrx_word' id='word_1_334' title='bbox 56 2447 292 2514; x_wconf 78' lang='lat' dir='ltr'>grcffores</span> <span class='ocrx_word' id='word_1_335' title='bbox 322 2444 614 2497; x_wconf 85' lang='lat' dir='ltr'>constitutis.</span> <span class='ocrx_word' id='word_1_336' title='bbox 657 2445 805 2497; x_wconf 88' lang='lat' dir='ltr'>Unde</span> <span class='ocrx_word' id='word_1_337' title='bbox 831 2448 1118 2506; x_wconf 83' lang='lat' dir='ltr'>quicunque</span> <span class='ocrx_word' id='word_1_338' title='bbox 1152 2444 1299 2493; x_wconf 88' lang='lat' dir='ltr'>aliam</span> <span class='ocrx_word' id='word_1_339' title='bbox 1316 2476 1328 2497; x_wconf 88' lang='lat'>,</span> <span class='ocrx_word' id='word_1_340' title='bbox 1353 2441 1380 2490; x_wconf 77' lang='lat' dir='ltr'>a</span> <span class='ocrx_word' id='word_1_341' title='bbox 1405 2440 1672 2502; x_wconf 86' lang='lat' dir='ltr'>Religionc</span> <span class='ocrx_word' id='word_1_342' title='bbox 1691 2437 1797 2484; x_wconf 78' lang='lat' dir='ltr'>Ro-</span> 
     </span>
     <span class='ocr_line' id='line_1_39' title="bbox 58 2500 1796 2620; baseline -0.005 -58"><span class='ocrx_word' id='word_1_343' title='bbox 58 2509 226 2566; x_wconf 65' lang='lat' dir='ltr'>mana,</span> <span class='ocrx_word' id='word_1_344' title='bbox 247 2511 513 2561; x_wconf 76' lang='lat' dir='ltr'>Ecclesiam</span> <span class='ocrx_word' id='word_1_345' title='bbox 533 2506 918 2620; x_wconf 51' lang='lat' dir='ltr'>profiteretunfi</span> <span class='ocrx_word' id='word_1_346' title='bbox 931 2509 1042 2618; x_wconf 63' lang='lat' dir='ltr'>llVlas</span> <span class='ocrx_word' id='word_1_347' title='bbox 1058 2507 1119 2557; x_wconf 86' lang='lat' dir='ltr'>ad</span> <span class='ocrx_word' id='word_1_348' title='bbox 1134 2504 1336 2560; x_wconf 84' lang='lat' dir='ltr'>transtra</span> <span class='ocrx_word' id='word_1_349' title='bbox 1356 2516 1609 2569; x_wconf 65' lang='lat' dir='ltr'>perpetua&gt;</span> <span class='ocrx_word' id='word_1_350' title='bbox 1636 2500 1667 2548; x_wconf 79' lang='lat' dir='ltr'>fi</span> <span class='ocrx_word' id='word_1_351' title='bbox 1689 2502 1796 2548; x_wconf 64' lang='grc' dir='ltr'>Ροε-</span> 
     </span>
    </p>

    <p class='ocr_par' dir='ltr' id='par_1_5' title="bbox 967 2580 1735 2615">
     <span class='ocr_line' id='line_1_40' title="bbox 967 2580 1735 2615; baseline -0.001 0"><span class='ocrx_word' id='word_1_352' title='bbox 967 2584 1000 2615; x_wconf 77' lang='lat'><em>2</em></span> <span class='ocrx_word' id='word_1_353' title='bbox 1599 2580 1735 2614; x_wconf 73' lang='lat' dir='ltr'>mina</span> 
     </span>
    </p>
   </div>
  </div>
 </body>
</html>
