<?xml version="1.0" encoding="UTF-8"?>
<!DOCTYPE html PUBLIC "-//W3C//DTD XHTML 1.0 Transitional//EN"
    "http://www.w3.org/TR/xhtml1/DTD/xhtml1-transitional.dtd">
<html xmlns="http://www.w3.org/1999/xhtml" xml:lang="en" lang="en">
 <head>
  <title>
</title>
<meta http-equiv="Content-Type" content="text/html;charset=utf-8" />
  <meta name='ocr-system' content='tesseract 3.04.00' />
  <meta name='ocr-capabilities' content='ocr_page ocr_carea ocr_par ocr_line ocrx_word'/>
</head>
<body>
  <div class='ocr_page' id='page_1' title='image "./nostritemporisph00schw/nostritemporisph00schw_0264.png"; bbox 0 0 2175 2911; ppageno 0'>
   <div class='ocr_carea' id='block_1_1' title="bbox 581 129 1834 416">
    <p class='ocr_par' dir='ltr' id='par_1_1' title="bbox 581 129 1834 423">
     <span class='ocr_line' id='line_1_1' title="bbox 581 129 1834 416; baseline 0.001 -43"><span class='ocrx_word' id='word_1_1' title='bbox 581 129 1220 416; x_wconf 48' lang='lat' dir='ltr'><em>ExPUssvsss}</em></span> <span class='ocrx_word' id='word_1_2' title='bbox 1243 134 1834 410; x_wconf 50' lang='lat' dir='ltr'><em>Jsshffiffit..</em></span> 
     </span>
    </p>
   </div>
   <div class='ocr_carea' id='block_1_2' title="bbox 309 448 2091 1021">
    <p class='ocr_par' dir='ltr' id='par_1_2' title="bbox 319 448 2091 554">
     <span class='ocr_line' id='line_1_2' title="bbox 319 448 2091 554; baseline 0.002 -58"><span class='ocrx_word' id='word_1_3' title='bbox 319 469 361 504; x_wconf 88' lang='lat'><strong>1.</strong></span> <span class='ocrx_word' id='word_1_4' title='bbox 382 452 596 554; x_wconf 79' lang='lat' dir='ltr'><em>Logica</em></span> <span class='ocrx_word' id='word_1_5' title='bbox 619 448 673 504; x_wconf 79' lang='lat' dir='ltr'><em>esi</em></span> <span class='ocrx_word' id='word_1_6' title='bbox 699 449 848 498; x_wconf 86' lang='lat' dir='ltr'><em>Virtus</em></span> <span class='ocrx_word' id='word_1_7' title='bbox 866 450 1171 500; x_wconf 54' lang='lat' dir='ltr'><em>intellectualis.</em></span> <span class='ocrx_word' id='word_1_8' title='bbox 1241 467 1284 500; x_wconf 87' lang='lat'><strong>2.</strong></span> <span class='ocrx_word' id='word_1_9' title='bbox 1320 455 1440 507; x_wconf 65' lang='lat' dir='ltr'><em>Ars,</em></span> <span class='ocrx_word' id='word_1_10' title='bbox 1463 453 1731 502; x_wconf 62' lang='lat' dir='ltr'><em>&amp;Scientias</em></span> <span class='ocrx_word' id='word_1_11' title='bbox 1807 465 1848 509; x_wconf 89' lang='lat'><strong>3.</strong></span> <span class='ocrx_word' id='word_1_12' title='bbox 1874 450 1979 509; x_wconf 80' lang='lat' dir='ltr'><em>Ejus</em></span> <span class='ocrx_word' id='word_1_13' title='bbox 2008 450 2091 499; x_wconf 86' lang='lat' dir='ltr'><em>Ob-</em></span> 
     </span>
    </p>

    <p class='ocr_par' dir='ltr' id='par_1_3' title="bbox 309 513 2089 1021">
     <span class='ocr_line' id='line_1_3' title="bbox 494 513 2089 577; baseline 0.001 -16"><span class='ocrx_word' id='word_1_14' title='bbox 494 514 654 575; x_wconf 62' lang='lat' dir='ltr'><em>jeffum</em></span> <span class='ocrx_word' id='word_1_15' title='bbox 677 529 757 559; x_wconf 89' lang='lat' dir='ltr'><em>non</em></span> <span class='ocrx_word' id='word_1_16' title='bbox 781 513 834 568; x_wconf 78' lang='lat' dir='ltr'><em>est</em></span> <span class='ocrx_word' id='word_1_17' title='bbox 862 516 1102 562; x_wconf 70' lang='lat' dir='ltr'><em>Intellectus</em></span> <span class='ocrx_word' id='word_1_18' title='bbox 1126 516 1234 563; x_wconf 62' lang='lat' dir='ltr'><em>reite</em></span> <span class='ocrx_word' id='word_1_19' title='bbox 1258 528 1447 576; x_wconf 72' lang='lat' dir='ltr'><em>operans.</em></span> <span class='ocrx_word' id='word_1_20' title='bbox 1527 528 1574 575; x_wconf 91' lang='lat'><em>4.</em></span> <span class='ocrx_word' id='word_1_21' title='bbox 1611 518 1713 562; x_wconf 91' lang='lat' dir='ltr'><em>Nec</em></span> <span class='ocrx_word' id='word_1_22' title='bbox 1731 516 1991 577; x_wconf 61' lang='lat' dir='ltr'><em>syllogismus</em></span> <span class='ocrx_word' id='word_1_23' title='bbox 2012 534 2089 562; x_wconf 83' lang='lat' dir='ltr'><em>vo-</em></span> 
     </span>
     <span class='ocr_line' id='line_1_4' title="bbox 315 577 2088 640; baseline -0.001 -14"><span class='ocrx_word' id='word_1_24' title='bbox 315 583 436 630; x_wconf 72' lang='lat' dir='ltr'><em>calis.</em></span> <span class='ocrx_word' id='word_1_25' title='bbox 506 590 547 635; x_wconf 76' lang='grc' dir='ltr'><em>ς.</em></span> <span class='ocrx_word' id='word_1_26' title='bbox 583 578 659 624; x_wconf 84' lang='lat' dir='ltr'><em>Sed</em></span> <span class='ocrx_word' id='word_1_27' title='bbox 679 579 892 626; x_wconf 79' lang='lat' dir='ltr'><em>mentalis.</em></span> <span class='ocrx_word' id='word_1_28' title='bbox 962 579 1007 626; x_wconf 84' lang='lat'><strong>6.</strong></span> <span class='ocrx_word' id='word_1_29' title='bbox 1042 582 1167 626; x_wconf 82' lang='lat' dir='ltr'><em>Inter</em></span> <span class='ocrx_word' id='word_1_30' title='bbox 1182 581 1339 639; x_wconf 84' lang='lat' dir='ltr'><em>gradus</em></span> <span class='ocrx_word' id='word_1_31' title='bbox 1366 577 1675 640; x_wconf 83' lang='lat' dir='ltr'><em>Metaphyficos</em></span> <span class='ocrx_word' id='word_1_32' title='bbox 1690 595 1771 626; x_wconf 87' lang='lat' dir='ltr'><em>non</em></span> <span class='ocrx_word' id='word_1_33' title='bbox 1797 581 1926 626; x_wconf 85' lang='lat' dir='ltr'><em>datur</em></span> <span class='ocrx_word' id='word_1_34' title='bbox 1947 579 2088 632; x_wconf 74' lang='lat' dir='ltr'><em>distin-</em></span> 
     </span>
     <span class='ocr_line' id='line_1_5' title="bbox 313 638 2088 704; baseline -0.002 -12"><span class='ocrx_word' id='word_1_35' title='bbox 313 645 397 692; x_wconf 70' lang='lat' dir='ltr'><em>Hio</em></span> <span class='ocrx_word' id='word_1_36' title='bbox 421 660 473 690; x_wconf 81' lang='lat' dir='ltr'><em>ex</em></span> <span class='ocrx_word' id='word_1_37' title='bbox 491 644 676 689; x_wconf 72' lang='lat' dir='ltr'><em>Natura</em></span> <span class='ocrx_word' id='word_1_38' title='bbox 688 643 758 687; x_wconf 85' lang='lat' dir='ltr'><em>rei</em></span> <span class='ocrx_word' id='word_1_39' title='bbox 771 638 986 700; x_wconf 74' lang='lat' dir='ltr'><em>formalis.</em></span> <span class='ocrx_word' id='word_1_40' title='bbox 1053 654 1099 701; x_wconf 89' lang='lat'><em>7.</em></span> <span class='ocrx_word' id='word_1_41' title='bbox 1136 646 1240 691; x_wconf 88' lang='lat' dir='ltr'><em>Nec</em></span> <span class='ocrx_word' id='word_1_42' title='bbox 1261 642 1468 703; x_wconf 71' lang='lat' dir='ltr'><em>objetti&#39;ve</em></span> <span class='ocrx_word' id='word_1_43' title='bbox 1484 643 1767 704; x_wconf 66' lang='lat' dir='ltr'><em>praescindens.</em></span> <span class='ocrx_word' id='word_1_44' title='bbox 1838 645 1880 691; x_wconf 88' lang='lat'><em>8.</em></span> <span class='ocrx_word' id='word_1_45' title='bbox 1905 643 1982 688; x_wconf 84' lang='lat' dir='ltr'><em>Sed</em></span> <span class='ocrx_word' id='word_1_46' title='bbox 1995 642 2088 700; x_wconf 79' lang='lat' dir='ltr'><em>fhla</em></span> 
     </span>
     <span class='ocr_line' id='line_1_6' title="bbox 313 706 2088 766; baseline -0.002 -11"><span class='ocrx_word' id='word_1_47' title='bbox 313 710 494 755; x_wconf 86' lang='lat' dir='ltr'><em>rationis</em></span> <span class='ocrx_word' id='word_1_48' title='bbox 515 707 793 752; x_wconf 71' lang='lat' dir='ltr'><em>ratiocinata.</em></span> <span class='ocrx_word' id='word_1_49' title='bbox 863 717 909 763; x_wconf 85' lang='lat'><strong>9.</strong></span> <span class='ocrx_word' id='word_1_50' title='bbox 947 707 1215 766; x_wconf 87' lang='lat' dir='ltr'><em>Figmentum</em></span> <span class='ocrx_word' id='word_1_51' title='bbox 1230 706 1330 763; x_wconf 77' lang='lat' dir='ltr'><em>sunt</em></span> <span class='ocrx_word' id='word_1_52' title='bbox 1348 708 1446 753; x_wconf 68' lang='lat' dir='ltr'><em>idea</em></span> <span class='ocrx_word' id='word_1_53' title='bbox 1474 707 1719 753; x_wconf 74' lang='lat' dir='ltr'><em>Platonica.</em></span> <span class='ocrx_word' id='word_1_54' title='bbox 1791 719 1865 752; x_wconf 87' lang='lat'><strong>10.</strong></span> <span class='ocrx_word' id='word_1_55' title='bbox 1903 708 2005 752; x_wconf 89' lang='lat' dir='ltr'><em>Nec</em></span> <span class='ocrx_word' id='word_1_56' title='bbox 2026 708 2088 752; x_wconf 86' lang='lat' dir='ltr'><em>ri-</em></span> 
     </span>
     <span class='ocr_line' id='line_1_7' title="bbox 309 766 2088 831; baseline -0.002 -14"><span class='ocrx_word' id='word_1_57' title='bbox 309 775 407 831; x_wconf 81' lang='lat' dir='ltr'><em>gori</em></span> <span class='ocrx_word' id='word_1_58' title='bbox 422 772 576 829; x_wconf 76' lang='lat' dir='ltr'><em>Logico</em></span> <span class='ocrx_word' id='word_1_59' title='bbox 589 766 743 827; x_wconf 80' lang='lat' dir='ltr'><em>sufficit</em></span> <span class='ocrx_word' id='word_1_60' title='bbox 761 767 998 826; x_wconf 74' lang='lat' dir='ltr'><em>universale</em></span> <span class='ocrx_word' id='word_1_61' title='bbox 1007 769 1321 827; x_wconf 82' lang='lat' dir='ltr'><em>similitudinis.</em></span> <span class='ocrx_word' id='word_1_62' title='bbox 1394 783 1411 815; x_wconf 90' lang='lat'>1</span> <span class='ocrx_word' id='word_1_63' title='bbox 1429 783 1469 817; x_wconf 85' lang='lat'><strong>1.</strong></span> <span class='ocrx_word' id='word_1_64' title='bbox 1491 769 1673 830; x_wconf 69' lang='lat' dir='ltr'><em>Phyficae</em></span> <span class='ocrx_word' id='word_1_65' title='bbox 1684 767 1738 822; x_wconf 84' lang='lat' dir='ltr'><em>est</em></span> <span class='ocrx_word' id='word_1_66' title='bbox 1748 771 1932 816; x_wconf 81' lang='lat' dir='ltr'><em>Scientia</em></span> <span class='ocrx_word' id='word_1_67' title='bbox 1947 770 2088 831; x_wconf 70' lang='lat' dir='ltr'><em>specu*-</em></span> 
     </span>
     <span class='ocr_line' id='line_1_8' title="bbox 313 829 2087 893; baseline -0.002 -11"><span class='ocrx_word' id='word_1_68' title='bbox 313 837 456 882; x_wconf 82' lang='lat' dir='ltr'><em>lativa</em></span> <span class='ocrx_word' id='word_1_69' title='bbox 471 866 485 887; x_wconf 86' lang='lat'>,</span> <span class='ocrx_word' id='word_1_70' title='bbox 505 832 620 891; x_wconf 83' lang='lat' dir='ltr'><em>cujus</em></span> <span class='ocrx_word' id='word_1_71' title='bbox 640 829 858 890; x_wconf 63' lang='lat' dir='ltr'><em>objectum</em></span> <span class='ocrx_word' id='word_1_72' title='bbox 887 830 941 885; x_wconf 82' lang='lat' dir='ltr'><em>est</em></span> <span class='ocrx_word' id='word_1_73' title='bbox 964 844 1110 893; x_wconf 78' lang='lat' dir='ltr'><em>corpus</em></span> <span class='ocrx_word' id='word_1_74' title='bbox 1144 834 1357 881; x_wconf 86' lang='lat' dir='ltr'><em>naturale.</em></span> <span class='ocrx_word' id='word_1_75' title='bbox 1442 847 1513 879; x_wconf 88' lang='lat'><em>12.</em></span> <span class='ocrx_word' id='word_1_76' title='bbox 1550 836 1703 880; x_wconf 82' lang='lat' dir='ltr'><em>Datur</em></span> <span class='ocrx_word' id='word_1_77' title='bbox 1724 835 1921 878; x_wconf 82' lang='lat' dir='ltr'><em>Materia</em></span> <span class='ocrx_word' id='word_1_78' title='bbox 1941 835 2087 893; x_wconf 82' lang='lat' dir='ltr'><em>prima</em></span> 
     </span>
     <span class='ocr_line' id='line_1_9' title="bbox 311 893 2087 956; baseline -0.002 -11"><span class='ocrx_word' id='word_1_79' title='bbox 311 896 602 951; x_wconf 79' lang='lat' dir='ltr'><em>Aristotelica.</em></span> <span class='ocrx_word' id='word_1_80' title='bbox 677 907 749 951; x_wconf 91' lang='lat'><strong>13.</strong></span> <span class='ocrx_word' id='word_1_81' title='bbox 768 893 1000 948; x_wconf 66' lang='lat' dir='ltr'><em>&#39;Disiinc‘ta</em></span> <span class='ocrx_word' id='word_1_82' title='bbox 1028 894 1081 941; x_wconf 88' lang='lat' dir='ltr'><em>ab</em></span> <span class='ocrx_word' id='word_1_83' title='bbox 1105 897 1322 944; x_wconf 86' lang='lat' dir='ltr'><em>elementis</em></span> <span class='ocrx_word' id='word_1_84' title='bbox 1348 897 1568 956; x_wconf 82' lang='lat' dir='ltr'><em>bemicis.</em></span> <span class='ocrx_word' id='word_1_85' title='bbox 1659 909 1677 940; x_wconf 86' lang='lat'>1</span> <span class='ocrx_word' id='word_1_86' title='bbox 1694 907 1741 953; x_wconf 87' lang='lat'><em>4.</em></span> <span class='ocrx_word' id='word_1_87' title='bbox 1778 897 1941 941; x_wconf 82' lang='lat' dir='ltr'><em>Semine</em></span> <span class='ocrx_word' id='word_1_88' title='bbox 1964 898 2087 942; x_wconf 85' lang='lat' dir='ltr'><em>Ana-</em></span> 
     </span>
     <span class='ocr_line' id='line_1_10' title="bbox 311 959 2082 1021; baseline -0.002 -15"><span class='ocrx_word' id='word_1_89' title='bbox 311 976 489 1021; x_wconf 77' lang='lat' dir='ltr'><em>xagorae.</em></span> <span class='ocrx_word' id='word_1_90' title='bbox 565 970 636 1014; x_wconf 84' lang='lat'><em>15.</em></span> <span class='ocrx_word' id='word_1_91' title='bbox 674 960 848 1004; x_wconf 89' lang='lat' dir='ltr'><em>Atomis</em></span> <span class='ocrx_word' id='word_1_92' title='bbox 872 960 1132 1007; x_wconf 81' lang='lat' dir='ltr'><em>Democriti.</em></span> <span class='ocrx_word' id='word_1_93' title='bbox 1206 961 1279 1008; x_wconf 77' lang='lat'><strong>16.</strong></span> <span class='ocrx_word' id='word_1_94' title='bbox 1300 961 1360 1006; x_wconf 89' lang='lat' dir='ltr'><em>Et</em></span> <span class='ocrx_word' id='word_1_95' title='bbox 1383 959 1600 1006; x_wconf 89' lang='lat' dir='ltr'><em>elementis</em></span> <span class='ocrx_word' id='word_1_96' title='bbox 1614 960 1932 1018; x_wconf 80' lang='lat' dir='ltr'><em>Peripateticis.</em></span> <span class='ocrx_word' id='word_1_97' title='bbox 2009 970 2082 1017; x_wconf 88' lang='lat'><em>17.</em></span> 
     </span>
    </p>
   </div>
   <div class='ocr_carea' id='block_1_3' title="bbox 311 1019 2087 1147">
    <p class='ocr_par' dir='ltr' id='par_1_4' title="bbox 311 1019 2087 1147">
     <span class='ocr_line' id='line_1_11' title="bbox 313 1019 2087 1087; baseline -0.003 -15"><span class='ocrx_word' id='word_1_98' title='bbox 313 1019 426 1087; x_wconf 40' lang='lat' dir='ltr'><em>Estq&#39;i,</em></span> <span class='ocrx_word' id='word_1_99' title='bbox 448 1021 685 1082; x_wconf 57' lang='lat' dir='ltr'><em>subjectum</em></span> <span class='ocrx_word' id='word_1_100' title='bbox 710 1021 1050 1081; x_wconf 85' lang='lat' dir='ltr'><em>uniuscujusque.</em></span> <span class='ocrx_word' id='word_1_101' title='bbox 1124 1036 1141 1066; x_wconf 89' lang='lat'>1</span> <span class='ocrx_word' id='word_1_102' title='bbox 1154 1024 1198 1070; x_wconf 82' lang='lat'><strong>8.</strong></span> <span class='ocrx_word' id='word_1_103' title='bbox 1215 1025 1366 1068; x_wconf 90' lang='lat' dir='ltr'><em>Datur</em></span> <span class='ocrx_word' id='word_1_104' title='bbox 1376 1020 1523 1079; x_wconf 76' lang='lat' dir='ltr'><em>forma</em></span> <span class='ocrx_word' id='word_1_105' title='bbox 1545 1020 1732 1078; x_wconf 72' lang='lat' dir='ltr'><em>abfhluta</em></span> <span class='ocrx_word' id='word_1_106' title='bbox 1751 1037 1830 1066; x_wconf 89' lang='lat' dir='ltr'><em>non</em></span> <span class='ocrx_word' id='word_1_107' title='bbox 1852 1021 2021 1067; x_wconf 72' lang='lat' dir='ltr'><em>tantum</em></span> <span class='ocrx_word' id='word_1_108' title='bbox 2040 1024 2087 1067; x_wconf 80' lang='lat' dir='ltr'><em>in</em></span> 
     </span>
     <span class='ocr_line' id='line_1_12' title="bbox 311 1081 2084 1147; baseline -0.003 -13"><span class='ocrx_word' id='word_1_109' title='bbox 311 1089 493 1134; x_wconf 83' lang='lat' dir='ltr'><em>homine.</em></span> <span class='ocrx_word' id='word_1_110' title='bbox 579 1098 652 1140; x_wconf 63' lang='grc' dir='ltr'><em>19ν</em></span> <span class='ocrx_word' id='word_1_111' title='bbox 688 1084 763 1128; x_wconf 83' lang='lat' dir='ltr'><em>Sed</em></span> <span class='ocrx_word' id='word_1_112' title='bbox 787 1086 843 1129; x_wconf 57' lang='grc' dir='ltr'><em>Θ</em></span> <span class='ocrx_word' id='word_1_113' title='bbox 868 1081 1022 1128; x_wconf 90' lang='lat' dir='ltr'><em>brutis.</em></span> <span class='ocrx_word' id='word_1_114' title='bbox 1105 1096 1180 1129; x_wconf 87' lang='lat'><strong>20.</strong></span> <span class='ocrx_word' id='word_1_115' title='bbox 1218 1084 1404 1129; x_wconf 85' lang='lat' dir='ltr'><em>Plantis.</em></span> <span class='ocrx_word' id='word_1_116' title='bbox 1487 1097 1540 1126; x_wconf 86' lang='lat'><em>21</em></span> <span class='ocrx_word' id='word_1_117' title='bbox 1554 1118 1564 1128; x_wconf 92' lang='lat'><strong>.</strong></span> <span class='ocrx_word' id='word_1_118' title='bbox 1605 1085 1666 1128; x_wconf 87' lang='lat' dir='ltr'><em>Et</em></span> <span class='ocrx_word' id='word_1_119' title='bbox 1685 1082 1971 1142; x_wconf 75' lang='lat' dir='ltr'><em>probabiliter</em></span> <span class='ocrx_word' id='word_1_120' title='bbox 1990 1086 2084 1147; x_wconf 82' lang='lat' dir='ltr'><em>qui-</em></span> 
     </span>
    </p>
   </div>
   <div class='ocr_carea' id='block_1_4' title="bbox 297 1142 2086 2657">
    <p class='ocr_par' dir='ltr' id='par_1_5' title="bbox 297 1142 2086 2657">
     <span class='ocr_line' id='line_1_13' title="bbox 311 1142 2085 1202; baseline -0.002 -6"><span class='ocrx_word' id='word_1_121' title='bbox 311 1149 485 1197; x_wconf 85' lang='lat' dir='ltr'><em>busdam</em></span> <span class='ocrx_word' id='word_1_122' title='bbox 505 1147 719 1192; x_wconf 80' lang='lat' dir='ltr'><em>inanimis.</em></span> <span class='ocrx_word' id='word_1_123' title='bbox 790 1158 867 1189; x_wconf 86' lang='lat'><strong>22.</strong></span> <span class='ocrx_word' id='word_1_124' title='bbox 906 1146 1037 1195; x_wconf 75' lang='lat' dir='ltr'><em>Duce,</em></span> <span class='ocrx_word' id='word_1_125' title='bbox 1055 1143 1257 1202; x_wconf 73' lang='lat' dir='ltr'><em>pluresve</em></span> <span class='ocrx_word' id='word_1_126' title='bbox 1268 1142 1418 1199; x_wconf 66' lang='lat' dir='ltr'><em>formai</em></span> <span class='ocrx_word' id='word_1_127' title='bbox 1434 1144 1691 1202; x_wconf 82' lang='lat' dir='ltr'><em>principales</em></span> <span class='ocrx_word' id='word_1_128' title='bbox 1713 1147 1757 1189; x_wconf 87' lang='lat' dir='ltr'><em>in</em></span> <span class='ocrx_word' id='word_1_129' title='bbox 1783 1143 1928 1190; x_wconf 69' lang='lat' dir='ltr'><em>eadem</em></span> <span class='ocrx_word' id='word_1_130' title='bbox 1950 1161 2085 1193; x_wconf 84' lang='lat' dir='ltr'><em>mate-</em></span> 
     </span>
     <span class='ocr_line' id='line_1_14' title="bbox 309 1207 2086 1270; baseline -0.001 -12"><span class='ocrx_word' id='word_1_131' title='bbox 309 1216 381 1260; x_wconf 71' lang='lat' dir='ltr'><em>ria</em></span> <span class='ocrx_word' id='word_1_132' title='bbox 394 1222 521 1270; x_wconf 87' lang='lat' dir='ltr'><em>parte</em></span> <span class='ocrx_word' id='word_1_133' title='bbox 539 1207 800 1253; x_wconf 69' lang='lat' dir='ltr'><em>naturaliter</em></span> <span class='ocrx_word' id='word_1_134' title='bbox 819 1217 1069 1265; x_wconf 72' lang='lat' dir='ltr'><em>repugnant.</em></span> <span class='ocrx_word' id='word_1_135' title='bbox 1139 1219 1216 1263; x_wconf 83' lang='lat'><strong>23.</strong></span> <span class='ocrx_word' id='word_1_136' title='bbox 1254 1208 1363 1252; x_wconf 87' lang='lat' dir='ltr'><em>Non</em></span> <span class='ocrx_word' id='word_1_137' title='bbox 1390 1219 1531 1252; x_wconf 90' lang='lat' dir='ltr'><em>tamen</em></span> <span class='ocrx_word' id='word_1_138' title='bbox 1543 1207 1771 1266; x_wconf 85' lang='lat' dir='ltr'><em>partiales.</em></span> <span class='ocrx_word' id='word_1_139' title='bbox 1854 1221 1934 1266; x_wconf 88' lang='lat'><strong>24.</strong></span> <span class='ocrx_word' id='word_1_140' title='bbox 1971 1212 2086 1256; x_wconf 87' lang='lat' dir='ltr'><em>Unio</em></span> 
     </span>
     <span class='ocr_line' id='line_1_15' title="bbox 309 1267 2084 1330; baseline -0.001 -10"><span class='ocrx_word' id='word_1_141' title='bbox 309 1274 364 1330; x_wconf 77' lang='lat' dir='ltr'><em>esi</em></span> <span class='ocrx_word' id='word_1_142' title='bbox 387 1275 542 1319; x_wconf 79' lang='lat' dir='ltr'><em>entitas</em></span> <span class='ocrx_word' id='word_1_143' title='bbox 566 1270 758 1316; x_wconf 86' lang='lat' dir='ltr'><em>modalis.</em></span> <span class='ocrx_word' id='word_1_144' title='bbox 828 1281 905 1325; x_wconf 81' lang='lat'><em>25.</em></span> <span class='ocrx_word' id='word_1_145' title='bbox 935 1267 1061 1325; x_wconf 81' lang='lat' dir='ltr'><em>Causa</em></span> <span class='ocrx_word' id='word_1_146' title='bbox 1087 1267 1140 1320; x_wconf 77' lang='lat' dir='ltr'><em>esi</em></span> <span class='ocrx_word' id='word_1_147' title='bbox 1154 1271 1414 1330; x_wconf 82' lang='lat' dir='ltr'><em>principium</em></span> <span class='ocrx_word' id='word_1_148' title='bbox 1436 1285 1490 1315; x_wconf 82' lang='lat' dir='ltr'><em>ex</em></span> <span class='ocrx_word' id='word_1_149' title='bbox 1511 1270 1733 1326; x_wconf 66' lang='lat' dir='ltr'><em>intrinfhca</em></span> <span class='ocrx_word' id='word_1_150' title='bbox 1753 1273 1922 1317; x_wconf 87' lang='lat' dir='ltr'><em>virtute</em></span> <span class='ocrx_word' id='word_1_151' title='bbox 1943 1273 2084 1318; x_wconf 86' lang='lat' dir='ltr'><em>deter-</em></span> 
     </span>
     <span class='ocr_line' id='line_1_16' title="bbox 307 1330 2084 1396; baseline -0.001 -11"><span class='ocrx_word' id='word_1_152' title='bbox 307 1341 473 1386; x_wconf 84' lang='lat' dir='ltr'><em>minans</em></span> <span class='ocrx_word' id='word_1_153' title='bbox 493 1335 653 1396; x_wconf 79' lang='lat' dir='ltr'><em>aliquid</em></span> <span class='ocrx_word' id='word_1_154' title='bbox 675 1332 780 1391; x_wconf 86' lang='lat' dir='ltr'><em>dese</em></span> <span class='ocrx_word' id='word_1_155' title='bbox 802 1330 1042 1391; x_wconf 75' lang='lat' dir='ltr'><em>infitfficiens</em></span> <span class='ocrx_word' id='word_1_156' title='bbox 1063 1333 1116 1377; x_wconf 84' lang='lat' dir='ltr'><em>ad</em></span> <span class='ocrx_word' id='word_1_157' title='bbox 1139 1331 1411 1386; x_wconf 82' lang='lat' dir='ltr'><em>existendum.</em></span> <span class='ocrx_word' id='word_1_158' title='bbox 1481 1333 1558 1380; x_wconf 86' lang='lat'><strong>26.</strong></span> <span class='ocrx_word' id='word_1_159' title='bbox 1584 1333 1708 1390; x_wconf 77' lang='lat' dir='ltr'><em>Caufiz</em></span> <span class='ocrx_word' id='word_1_160' title='bbox 1728 1332 1903 1392; x_wconf 81' lang='lat' dir='ltr'><em>efficiens</em></span> <span class='ocrx_word' id='word_1_161' title='bbox 1919 1347 1970 1381; x_wconf 86' lang='lat' dir='ltr'><em>ut</em></span> <span class='ocrx_word' id='word_1_162' title='bbox 1986 1335 2084 1383; x_wconf 70' lang='lat' dir='ltr'><em>ac&#39;t‘u</em></span> 
     </span>
     <span class='ocr_line' id='line_1_17' title="bbox 306 1393 2083 1463; baseline -0.001 -16"><span class='ocrx_word' id='word_1_163' title='bbox 306 1413 435 1463; x_wconf 79' lang='lat' dir='ltr'><em>agat,</em></span> <span class='ocrx_word' id='word_1_164' title='bbox 463 1397 586 1444; x_wconf 88' lang='lat' dir='ltr'><em>debet</em></span> <span class='ocrx_word' id='word_1_165' title='bbox 618 1395 714 1443; x_wconf 60' lang='lat' dir='ltr'><em>abiu</em></span> <span class='ocrx_word' id='word_1_166' title='bbox 745 1394 934 1448; x_wconf 77' lang='lat' dir='ltr'><em>existere.</em></span> <span class='ocrx_word' id='word_1_167' title='bbox 1003 1408 1081 1453; x_wconf 88' lang='lat'><em>27.</em></span> <span class='ocrx_word' id='word_1_168' title='bbox 1120 1397 1181 1442; x_wconf 89' lang='lat' dir='ltr'><em>Et</em></span> <span class='ocrx_word' id='word_1_169' title='bbox 1203 1398 1336 1442; x_wconf 90' lang='lat' dir='ltr'><em>etiam</em></span> <span class='ocrx_word' id='word_1_170' title='bbox 1362 1393 1436 1453; x_wconf 79' lang='lat' dir='ltr'><em>effe</em></span> <span class='ocrx_word' id='word_1_171' title='bbox 1469 1397 1682 1456; x_wconf 87' lang='lat' dir='ltr'><em>applicata</em></span> <span class='ocrx_word' id='word_1_172' title='bbox 1696 1396 1772 1453; x_wconf 83' lang='lat' dir='ltr'><em>suo</em></span> <span class='ocrx_word' id='word_1_173' title='bbox 1806 1399 1949 1444; x_wconf 87' lang='lat' dir='ltr'><em>modo:</em></span> <span class='ocrx_word' id='word_1_174' title='bbox 1985 1399 2083 1446; x_wconf 88' lang='lat' dir='ltr'><em>hinc</em></span> 
     </span>
     <span class='ocr_line' id='line_1_18' title="bbox 308 1457 2082 1520; baseline -0.004 -8"><span class='ocrx_word' id='word_1_175' title='bbox 308 1463 571 1512; x_wconf 79' lang='lat' dir='ltr'><em>naturaliter</em></span> <span class='ocrx_word' id='word_1_176' title='bbox 584 1471 788 1520; x_wconf 79' lang='lat' dir='ltr'><em>repugnat</em></span> <span class='ocrx_word' id='word_1_177' title='bbox 812 1457 922 1504; x_wconf 63' lang='lat' dir='ltr'><em>actio</em></span> <span class='ocrx_word' id='word_1_178' title='bbox 944 1459 987 1502; x_wconf 91' lang='lat' dir='ltr'><em>in</em></span> <span class='ocrx_word' id='word_1_179' title='bbox 1006 1457 1173 1511; x_wconf 81' lang='lat' dir='ltr'><em>distans.</em></span> <span class='ocrx_word' id='word_1_180' title='bbox 1242 1462 1321 1508; x_wconf 70' lang='lat'><em>28.</em></span> <span class='ocrx_word' id='word_1_181' title='bbox 1343 1461 1552 1505; x_wconf 89' lang='lat' dir='ltr'><em>Accidens</em></span> <span class='ocrx_word' id='word_1_182' title='bbox 1570 1476 1643 1504; x_wconf 89' lang='lat' dir='ltr'><em>nec</em></span> <span class='ocrx_word' id='word_1_183' title='bbox 1651 1460 1699 1516; x_wconf 86' lang='lat' dir='ltr'><em>se</em></span> <span class='ocrx_word' id='word_1_184' title='bbox 1707 1459 1811 1516; x_wconf 71' lang='lat' dir='ltr'><em>solo.</em></span> <span class='ocrx_word' id='word_1_185' title='bbox 1881 1475 1956 1519; x_wconf 82' lang='grc'><em>29,</em></span> <span class='ocrx_word' id='word_1_186' title='bbox 1978 1465 2082 1509; x_wconf 84' lang='lat' dir='ltr'><em>Nec</em></span> 
     </span>
     <span class='ocr_line' id='line_1_19' title="bbox 306 1518 2080 1583; baseline -0.002 -8"><span class='ocrx_word' id='word_1_187' title='bbox 306 1523 642 1583; x_wconf 80' lang='lat' dir='ltr'><em>cumsubstantia</em></span> <span class='ocrx_word' id='word_1_188' title='bbox 663 1523 862 1582; x_wconf 84' lang='lat' dir='ltr'><em>producit</em></span> <span class='ocrx_word' id='word_1_189' title='bbox 873 1518 1166 1577; x_wconf 76' lang='lat' dir='ltr'><em>substantiam.</em></span> <span class='ocrx_word' id='word_1_190' title='bbox 1240 1534 1313 1580; x_wconf 88' lang='lat'><strong>30.</strong></span> <span class='ocrx_word' id='word_1_191' title='bbox 1350 1524 1427 1568; x_wconf 79' lang='lat' dir='ltr'><em>Sed</em></span> <span class='ocrx_word' id='word_1_192' title='bbox 1447 1522 1538 1579; x_wconf 71' lang='lat' dir='ltr'><em>stila</em></span> <span class='ocrx_word' id='word_1_193' title='bbox 1557 1521 1808 1579; x_wconf 82' lang='lat' dir='ltr'><em>substantia.</em></span> <span class='ocrx_word' id='word_1_194' title='bbox 1881 1538 1954 1582; x_wconf 89' lang='lat'><strong>31.</strong></span> <span class='ocrx_word' id='word_1_195' title='bbox 1995 1528 2080 1572; x_wconf 88' lang='lat' dir='ltr'><em>Ea-</em></span> 
     </span>
     <span class='ocr_line' id='line_1_20' title="bbox 307 1584 2082 1650; baseline -0.002 -12"><span class='ocrx_word' id='word_1_196' title='bbox 307 1595 401 1638; x_wconf 85' lang='lat' dir='ltr'><em>dem</em></span> <span class='ocrx_word' id='word_1_197' title='bbox 418 1587 615 1650; x_wconf 82' lang='lat' dir='ltr'><em>producit</em></span> <span class='ocrx_word' id='word_1_198' title='bbox 635 1585 867 1630; x_wconf 82' lang='lat' dir='ltr'><em>accidentia</em></span> <span class='ocrx_word' id='word_1_199' title='bbox 887 1584 939 1628; x_wconf 83' lang='lat' dir='ltr'><em>ad</em></span> <span class='ocrx_word' id='word_1_200' title='bbox 971 1586 1104 1631; x_wconf 84' lang='lat' dir='ltr'><em>intra.</em></span> <span class='ocrx_word' id='word_1_201' title='bbox 1178 1597 1252 1641; x_wconf 85' lang='lat'><strong>32.</strong></span> <span class='ocrx_word' id='word_1_202' title='bbox 1289 1587 1557 1634; x_wconf 63' lang='lat' dir='ltr'><em>,Academia</em></span> <span class='ocrx_word' id='word_1_203' title='bbox 1580 1585 1686 1632; x_wconf 72' lang='lat' dir='ltr'><em>vero</em></span> <span class='ocrx_word' id='word_1_204' title='bbox 1717 1588 1771 1632; x_wconf 87' lang='lat' dir='ltr'><em>ad</em></span> <span class='ocrx_word' id='word_1_205' title='bbox 1792 1599 1943 1639; x_wconf 86' lang='lat' dir='ltr'><em>extra,</em></span> <span class='ocrx_word' id='word_1_206' title='bbox 1961 1587 2082 1646; x_wconf 84' lang='lat' dir='ltr'><em>fimi.</em></span> 
     </span>
     <span class='ocr_line' id='line_1_21' title="bbox 305 1647 2080 1711; baseline -0.004 -11"><span class='ocrx_word' id='word_1_207' title='bbox 305 1657 369 1704; x_wconf 87' lang='lat' dir='ltr'><em>lia</em></span> <span class='ocrx_word' id='word_1_208' title='bbox 387 1647 670 1699; x_wconf 81' lang='lat' dir='ltr'><em>accidentibus</em></span> <span class='ocrx_word' id='word_1_209' title='bbox 691 1649 743 1693; x_wconf 87' lang='lat' dir='ltr'><em>ad</em></span> <span class='ocrx_word' id='word_1_210' title='bbox 768 1650 886 1694; x_wconf 84' lang='lat' dir='ltr'><em>intra</em></span> <span class='ocrx_word' id='word_1_211' title='bbox 901 1681 913 1698; x_wconf 94' lang='lat'><em>,</em></span> <span class='ocrx_word' id='word_1_212' title='bbox 930 1649 1222 1707; x_wconf 82' lang='lat' dir='ltr'><em>producuntur</em></span> <span class='ocrx_word' id='word_1_213' title='bbox 1246 1648 1272 1695; x_wconf 74' lang='lat' dir='ltr'><em>a</em></span> <span class='ocrx_word' id='word_1_214' title='bbox 1289 1648 1390 1706; x_wconf 69' lang='lat' dir='ltr'><em>fiilis</em></span> <span class='ocrx_word' id='word_1_215' title='bbox 1410 1649 1712 1697; x_wconf 84' lang='lat' dir='ltr'><em>accidentibus.</em></span> <span class='ocrx_word' id='word_1_216' title='bbox 1785 1664 1806 1708; x_wconf 88' lang='lat'><strong>3</strong></span> <span class='ocrx_word' id='word_1_217' title='bbox 1817 1663 1859 1708; x_wconf 86' lang='lat'><strong>3.</strong></span> <span class='ocrx_word' id='word_1_218' title='bbox 1896 1651 2080 1711; x_wconf 79' lang='lat' dir='ltr'><em>Intenfio</em></span> 
     </span>
     <span class='ocr_line' id='line_1_22' title="bbox 306 1708 2080 1782; baseline -0.002 -19"><span class='ocrx_word' id='word_1_219' title='bbox 306 1717 567 1782; x_wconf 83' lang='lat' dir='ltr'><em>qualitatum</em></span> <span class='ocrx_word' id='word_1_220' title='bbox 585 1709 642 1770; x_wconf 82' lang='lat' dir='ltr'><em>fit</em></span> <span class='ocrx_word' id='word_1_221' title='bbox 654 1723 734 1772; x_wconf 87' lang='lat' dir='ltr'><em>per</em></span> <span class='ocrx_word' id='word_1_222' title='bbox 751 1712 919 1756; x_wconf 87' lang='lat' dir='ltr'><em>unicam</em></span> <span class='ocrx_word' id='word_1_223' title='bbox 934 1708 1123 1767; x_wconf 79' lang='lat' dir='ltr'><em>formam</em></span> <span class='ocrx_word' id='word_1_224' title='bbox 1139 1747 1150 1762; x_wconf 92' lang='lat'><em>,</em></span> <span class='ocrx_word' id='word_1_225' title='bbox 1175 1724 1290 1758; x_wconf 90' lang='lat' dir='ltr'><em>certo</em></span> <span class='ocrx_word' id='word_1_226' title='bbox 1321 1712 1440 1757; x_wconf 83' lang='lat' dir='ltr'><em>modo</em></span> <span class='ocrx_word' id='word_1_227' title='bbox 1464 1710 1764 1767; x_wconf 77' lang='lat' dir='ltr'><em>modificatam.</em></span> <span class='ocrx_word' id='word_1_228' title='bbox 1834 1725 1908 1771; x_wconf 88' lang='lat'><em>34.</em></span> <span class='ocrx_word' id='word_1_229' title='bbox 1948 1716 2080 1760; x_wconf 85' lang='lat' dir='ltr'><em>Plan-</em></span> 
     </span>
     <span class='ocr_line' id='line_1_23' title="bbox 307 1771 2074 1841; baseline -0.001 -17"><span class='ocrx_word' id='word_1_230' title='bbox 307 1795 357 1829; x_wconf 67' lang='lat' dir='ltr'><em>ta</em></span> <span class='ocrx_word' id='word_1_231' title='bbox 379 1779 521 1841; x_wconf 73' lang='lat' dir='ltr'><em>sponte</em></span> <span class='ocrx_word' id='word_1_232' title='bbox 546 1773 755 1834; x_wconf 75' lang='lat' dir='ltr'><em>nascentes</em></span> <span class='ocrx_word' id='word_1_233' title='bbox 770 1771 1058 1834; x_wconf 83' lang='lat' dir='ltr'><em>probabiliter</em></span> <span class='ocrx_word' id='word_1_234' title='bbox 1073 1777 1335 1835; x_wconf 85' lang='lat' dir='ltr'><em>proveniunt</em></span> <span class='ocrx_word' id='word_1_235' title='bbox 1354 1790 1407 1820; x_wconf 86' lang='lat' dir='ltr'><em>ex</em></span> <span class='ocrx_word' id='word_1_236' title='bbox 1416 1772 1670 1832; x_wconf 44' lang='lat' dir='ltr'><em>stmtm‘lma</em></span> <span class='ocrx_word' id='word_1_237' title='bbox 1682 1773 1886 1832; x_wconf 79' lang='lat' dir='ltr'><em>similiter</em></span> <span class='ocrx_word' id='word_1_238' title='bbox 1905 1777 2074 1833; x_wconf 59' lang='lat' dir='ltr'><em>inserita,</em></span> 
     </span>
     <span class='ocr_line' id='line_1_24' title="bbox 307 1838 2070 1898; baseline -0.002 -8"><span class='ocrx_word' id='word_1_239' title='bbox 307 1848 364 1894; x_wconf 52' lang='grc' dir='ltr'><em>ἔν</em></span> <span class='ocrx_word' id='word_1_240' title='bbox 383 1843 511 1890; x_wconf 85' lang='lat' dir='ltr'><em>bruta</em></span> <span class='ocrx_word' id='word_1_241' title='bbox 533 1855 585 1885; x_wconf 85' lang='lat' dir='ltr'><em>ex</em></span> <span class='ocrx_word' id='word_1_242' title='bbox 602 1840 711 1886; x_wconf 84' lang='lat' dir='ltr'><em>ovis.</em></span> <span class='ocrx_word' id='word_1_243' title='bbox 786 1850 860 1895; x_wconf 89' lang='lat'><em>35.</em></span> <span class='ocrx_word' id='word_1_244' title='bbox 897 1840 1040 1895; x_wconf 80' lang='lat' dir='ltr'><em>Qare</em></span> <span class='ocrx_word' id='word_1_245' title='bbox 1049 1838 1211 1894; x_wconf 87' lang='lat' dir='ltr'><em>semina</em></span> <span class='ocrx_word' id='word_1_246' title='bbox 1226 1838 1473 1898; x_wconf 78' lang='lat' dir='ltr'><em>plantarum</em></span> <span class='ocrx_word' id='word_1_247' title='bbox 1487 1869 1501 1891; x_wconf 86' lang='lat'>‚</span> <span class='ocrx_word' id='word_1_248' title='bbox 1521 1838 1577 1884; x_wconf 60' lang='grc' dir='ltr'><em>(Τ</em></span> <span class='ocrx_word' id='word_1_249' title='bbox 1595 1839 1872 1898; x_wconf 75' lang='lat' dir='ltr'><em>oviparorum</em></span> <span class='ocrx_word' id='word_1_250' title='bbox 1893 1842 2070 1889; x_wconf 86' lang='lat' dir='ltr'><em>vivunt.</em></span> 
     </span>
     <span class='ocr_line' id='line_1_25' title="bbox 311 1899 2073 1966; baseline -0.001 -15"><span class='ocrx_word' id='word_1_251' title='bbox 311 1909 384 1966; x_wconf 82' lang='lat'><em>36.</em></span> <span class='ocrx_word' id='word_1_252' title='bbox 424 1908 563 1951; x_wconf 84' lang='lat' dir='ltr'><em>Bruta</em></span> <span class='ocrx_word' id='word_1_253' title='bbox 586 1918 666 1948; x_wconf 91' lang='lat' dir='ltr'><em>non</em></span> <span class='ocrx_word' id='word_1_254' title='bbox 700 1912 831 1960; x_wconf 80' lang='lat' dir='ltr'><em>agunt</em></span> <span class='ocrx_word' id='word_1_255' title='bbox 853 1900 1041 1961; x_wconf 65' lang='lat' dir='ltr'><em>perfefle</em></span> <span class='ocrx_word' id='word_1_256' title='bbox 1061 1899 1336 1960; x_wconf 80' lang='lat' dir='ltr'><em>formaliter,</em></span> <span class='ocrx_word' id='word_1_257' title='bbox 1354 1901 1426 1958; x_wconf 87' lang='lat' dir='ltr'><em>sed</em></span> <span class='ocrx_word' id='word_1_258' title='bbox 1456 1913 1598 1947; x_wconf 88' lang='lat' dir='ltr'><em>tamen</em></span> <span class='ocrx_word' id='word_1_259' title='bbox 1627 1899 1871 1961; x_wconf 62' lang='lat' dir='ltr'><em>imperfeffte</em></span> <span class='ocrx_word' id='word_1_260' title='bbox 1894 1913 2073 1962; x_wconf 81' lang='lat' dir='ltr'><em>propter</em></span> 
     </span>
     <span class='ocr_line' id='line_1_26' title="bbox 299 1962 2074 2030; baseline -0.006 -14"><span class='ocrx_word' id='word_1_261' title='bbox 299 1970 445 2030; x_wconf 83' lang='lat' dir='ltr'><em>finem.</em></span> <span class='ocrx_word' id='word_1_262' title='bbox 518 1979 592 2025; x_wconf 89' lang='lat'><strong>37.</strong></span> <span class='ocrx_word' id='word_1_263' title='bbox 629 1968 780 2012; x_wconf 84' lang='lat' dir='ltr'><em>Datur</em></span> <span class='ocrx_word' id='word_1_264' title='bbox 802 1963 926 2020; x_wconf 68' lang='lat' dir='ltr'><em>Causa</em></span> <span class='ocrx_word' id='word_1_265' title='bbox 939 1967 1109 2024; x_wconf 85' lang='lat' dir='ltr'><em>prima,</em></span> <span class='ocrx_word' id='word_1_266' title='bbox 1124 1964 1218 2024; x_wconf 84' lang='lat' dir='ltr'><em>five</em></span> <span class='ocrx_word' id='word_1_267' title='bbox 1236 1966 1421 2015; x_wconf 82' lang='lat' dir='ltr'><em>DEUs,</em></span> <span class='ocrx_word' id='word_1_268' title='bbox 1447 1963 1564 2022; x_wconf 84' lang='lat' dir='ltr'><em>cujus</em></span> <span class='ocrx_word' id='word_1_269' title='bbox 1580 1962 1803 2017; x_wconf 83' lang='lat' dir='ltr'><em>existentia</em></span> <span class='ocrx_word' id='word_1_270' title='bbox 1823 1964 2074 2019; x_wconf 77' lang='lat' dir='ltr'><em>demonstra.</em></span> 
     </span>
     <span class='ocr_line' id='line_1_27' title="bbox 305 2025 2070 2093; baseline -0.001 -18"><span class='ocrx_word' id='word_1_271' title='bbox 305 2035 347 2082; x_wconf 83' lang='lat' dir='ltr'><em>ri</em></span> <span class='ocrx_word' id='word_1_272' title='bbox 363 2028 494 2093; x_wconf 74' lang='lat' dir='ltr'><em>potest</em></span> <span class='ocrx_word' id='word_1_273' title='bbox 522 2029 780 2089; x_wconf 81' lang='lat' dir='ltr'><em>argumentis</em></span> <span class='ocrx_word' id='word_1_274' title='bbox 803 2026 1050 2076; x_wconf 81' lang='lat' dir='ltr'><em>moralibus.</em></span> <span class='ocrx_word' id='word_1_275' title='bbox 1119 2030 1193 2086; x_wconf 85' lang='lat'><strong>38.</strong></span> <span class='ocrx_word' id='word_1_276' title='bbox 1231 2029 1293 2075; x_wconf 91' lang='lat' dir='ltr'><em>Et</em></span> <span class='ocrx_word' id='word_1_277' title='bbox 1316 2025 1524 2088; x_wconf 83' lang='lat' dir='ltr'><em>Physicis,</em></span> <span class='ocrx_word' id='word_1_278' title='bbox 1555 2030 1687 2073; x_wconf 83' lang='lat' dir='ltr'><em>etiarn</em></span> <span class='ocrx_word' id='word_1_279' title='bbox 1701 2025 1896 2086; x_wconf 77' lang='lat' dir='ltr'><em>permisso</em></span> <span class='ocrx_word' id='word_1_280' title='bbox 1910 2029 2070 2089; x_wconf 58' lang='lat' dir='ltr'><em>proces:</em></span> 
     </span>
     <span class='ocr_line' id='line_1_28' title="bbox 297 2086 2069 2158; baseline -0.001 -18"><span class='ocrx_word' id='word_1_281' title='bbox 297 2096 347 2158; x_wconf 73' lang='lat' dir='ltr'><em>fi‘</em></span> <span class='ocrx_word' id='word_1_282' title='bbox 368 2095 508 2156; x_wconf 87' lang='lat' dir='ltr'><em>aliquo</em></span> <span class='ocrx_word' id='word_1_283' title='bbox 528 2095 571 2138; x_wconf 85' lang='lat' dir='ltr'><em>in</em></span> <span class='ocrx_word' id='word_1_284' title='bbox 590 2090 816 2149; x_wconf 82' lang='lat' dir='ltr'><em>infinitum.</em></span> <span class='ocrx_word' id='word_1_285' title='bbox 888 2103 963 2149; x_wconf 83' lang='lat'><strong>39.</strong></span> <span class='ocrx_word' id='word_1_286' title='bbox 983 2088 1134 2150; x_wconf 86' lang='lat' dir='ltr'><em>Influit</em></span> <span class='ocrx_word' id='word_1_287' title='bbox 1154 2086 1357 2137; x_wconf 67' lang='lat' dir='ltr'><em>in‘tediatc’</em></span> <span class='ocrx_word' id='word_1_288' title='bbox 1377 2093 1422 2137; x_wconf 85' lang='lat' dir='ltr'><em>in</em></span> <span class='ocrx_word' id='word_1_289' title='bbox 1440 2106 1579 2137; x_wconf 89' lang='lat' dir='ltr'><em>omnes</em></span> <span class='ocrx_word' id='word_1_290' title='bbox 1599 2087 1782 2149; x_wconf 60' lang='lat' dir='ltr'><em>effeffus.</em></span> <span class='ocrx_word' id='word_1_291' title='bbox 1851 2105 1928 2150; x_wconf 87' lang='lat'><em>40.</em></span> <span class='ocrx_word' id='word_1_292' title='bbox 1961 2094 2069 2138; x_wconf 83' lang='lat' dir='ltr'><em>Non</em></span> 
     </span>
     <span class='ocr_line' id='line_1_29' title="bbox 306 2153 2066 2217; baseline -0.002 -12"><span class='ocrx_word' id='word_1_293' title='bbox 306 2173 451 2208; x_wconf 80' lang='lat' dir='ltr'><em>tamen</em></span> <span class='ocrx_word' id='word_1_294' title='bbox 467 2167 546 2217; x_wconf 88' lang='lat' dir='ltr'><em>per</em></span> <span class='ocrx_word' id='word_1_295' title='bbox 561 2156 1043 2216; x_wconf 73' lang='lat' dir='ltr'><em>pradeterminationem</em></span> <span class='ocrx_word' id='word_1_296' title='bbox 1058 2153 1269 2214; x_wconf 81' lang='lat' dir='ltr'><em>phyficam</em></span> <span class='ocrx_word' id='word_1_297' title='bbox 1293 2153 1500 2212; x_wconf 82' lang='lat' dir='ltr'><em>Bannefij,</em></span> <span class='ocrx_word' id='word_1_298' title='bbox 1569 2167 1623 2212; x_wconf 87' lang='lat'><em>41</em></span> <span class='ocrx_word' id='word_1_299' title='bbox 1636 2189 1646 2200; x_wconf 91' lang='lat'><strong>.</strong></span> <span class='ocrx_word' id='word_1_300' title='bbox 1683 2158 1782 2216; x_wconf 75' lang='lat' dir='ltr'><em>Qae</em></span> <span class='ocrx_word' id='word_1_301' title='bbox 1803 2156 1917 2201; x_wconf 85' lang='lat' dir='ltr'><em>tollit</em></span> <span class='ocrx_word' id='word_1_302' title='bbox 1938 2154 2066 2201; x_wconf 87' lang='lat' dir='ltr'><em>liber-</em></span> 
     </span>
     <span class='ocr_line' id='line_1_30' title="bbox 307 2215 2068 2276; baseline -0.004 -7"><span class='ocrx_word' id='word_1_303' title='bbox 307 2234 459 2270; x_wconf 82' lang='lat' dir='ltr'><em>tatem.</em></span> <span class='ocrx_word' id='word_1_304' title='bbox 527 2231 603 2276; x_wconf 85' lang='lat'><strong>42.</strong></span> <span class='ocrx_word' id='word_1_305' title='bbox 619 2219 779 2263; x_wconf 87' lang='lat' dir='ltr'><em>Anima</em></span> <span class='ocrx_word' id='word_1_306' title='bbox 800 2218 1025 2264; x_wconf 88' lang='lat' dir='ltr'><em>rationalis</em></span> <span class='ocrx_word' id='word_1_307' title='bbox 1048 2215 1102 2270; x_wconf 80' lang='lat' dir='ltr'><em>est</em></span> <span class='ocrx_word' id='word_1_308' title='bbox 1122 2215 1448 2270; x_wconf 60' lang='lat' dir='ltr'><em>demonstrative&gt;</em></span> <span class='ocrx_word' id='word_1_309' title='bbox 1470 2218 1739 2264; x_wconf 87' lang='lat' dir='ltr'><em>immortalis.</em></span> <span class='ocrx_word' id='word_1_310' title='bbox 1807 2231 1884 2276; x_wconf 86' lang='lat'><strong>43.</strong></span> <span class='ocrx_word' id='word_1_311' title='bbox 1909 2216 2068 2263; x_wconf 87' lang='lat' dir='ltr'><em>Libera</em></span> 
     </span>
     <span class='ocr_line' id='line_1_31' title="bbox 307 2278 2064 2340; baseline -0.004 -7"><span class='ocrx_word' id='word_1_312' title='bbox 307 2284 511 2334; x_wconf 87' lang='lat' dir='ltr'><em>libertate</em></span> <span class='ocrx_word' id='word_1_313' title='bbox 529 2278 817 2338; x_wconf 69' lang='lat' dir='ltr'><em>indifferentiae</em></span> <span class='ocrx_word' id='word_1_314' title='bbox 882 2293 962 2339; x_wconf 86' lang='lat'><strong>44.</strong></span> <span class='ocrx_word' id='word_1_315' title='bbox 989 2282 1138 2328; x_wconf 88' lang='lat' dir='ltr'><em>Etiam</em></span> <span class='ocrx_word' id='word_1_316' title='bbox 1159 2282 1204 2326; x_wconf 88' lang='lat' dir='ltr'><em>in</em></span> <span class='ocrx_word' id='word_1_317' title='bbox 1210 2278 1330 2334; x_wconf 79' lang='lat' dir='ltr'><em>statu</em></span> <span class='ocrx_word' id='word_1_318' title='bbox 1342 2283 1529 2327; x_wconf 63' lang='lat' dir='ltr'><em>Natura</em></span> <span class='ocrx_word' id='word_1_319' title='bbox 1547 2280 1674 2340; x_wconf 75' lang='lat' dir='ltr'><em>lapfie.</em></span> <span class='ocrx_word' id='word_1_320' title='bbox 1740 2292 1818 2338; x_wconf 83' lang='lat'><em>45.</em></span> <span class='ocrx_word' id='word_1_321' title='bbox 1844 2282 1917 2326; x_wconf 87' lang='lat' dir='ltr'><em>Cui</em></span> <span class='ocrx_word' id='word_1_322' title='bbox 1937 2278 2064 2326; x_wconf 86' lang='lat' dir='ltr'><em>liber-</em></span> 
     </span>
     <span class='ocr_line' id='line_1_32' title="bbox 309 2341 2067 2405; baseline -0.005 -9"><span class='ocrx_word' id='word_1_323' title='bbox 309 2349 397 2397; x_wconf 85' lang='lat' dir='ltr'><em>tati</em></span> <span class='ocrx_word' id='word_1_324' title='bbox 417 2361 495 2392; x_wconf 87' lang='lat' dir='ltr'><em>non</em></span> <span class='ocrx_word' id='word_1_325' title='bbox 514 2341 621 2396; x_wconf 81' lang='lat' dir='ltr'><em>obest</em></span> <span class='ocrx_word' id='word_1_326' title='bbox 633 2342 896 2397; x_wconf 78' lang='lat' dir='ltr'><em>Praescientia</em></span> <span class='ocrx_word' id='word_1_327' title='bbox 919 2347 1104 2391; x_wconf 87' lang='lat' dir='ltr'><em>Divina.</em></span> <span class='ocrx_word' id='word_1_328' title='bbox 1173 2344 1253 2401; x_wconf 85' lang='lat'><strong>46.</strong></span> <span class='ocrx_word' id='word_1_329' title='bbox 1279 2346 1378 2390; x_wconf 90' lang='lat' dir='ltr'><em>Lux</em></span> <span class='ocrx_word' id='word_1_330' title='bbox 1393 2342 1661 2404; x_wconf 67' lang='lat' dir='ltr'><em>probabilius</em></span> <span class='ocrx_word' id='word_1_331' title='bbox 1681 2341 1735 2397; x_wconf 76' lang='lat' dir='ltr'><em>esi</em></span> <span class='ocrx_word' id='word_1_332' title='bbox 1753 2343 1935 2405; x_wconf 61' lang='lat' dir='ltr'><em>qualitas</em></span> <span class='ocrx_word' id='word_1_333' title='bbox 1956 2341 2067 2399; x_wconf 76' lang='lat' dir='ltr'><em>abso-</em></span> 
     </span>
     <span class='ocr_line' id='line_1_33' title="bbox 308 2403 2064 2467; baseline -0.003 -9"><span class='ocrx_word' id='word_1_334' title='bbox 308 2411 419 2458; x_wconf 87' lang='lat' dir='ltr'><em>luta.</em></span> <span class='ocrx_word' id='word_1_335' title='bbox 483 2419 562 2466; x_wconf 91' lang='lat'><strong>47.</strong></span> <span class='ocrx_word' id='word_1_336' title='bbox 610 2405 728 2452; x_wconf 89' lang='lat' dir='ltr'><em>Color</em></span> <span class='ocrx_word' id='word_1_337' title='bbox 754 2417 894 2451; x_wconf 85' lang='lat' dir='ltr'><em>tamen</em></span> <span class='ocrx_word' id='word_1_338' title='bbox 909 2440 920 2460; x_wconf 93' lang='lat'>,</span> <span class='ocrx_word' id='word_1_339' title='bbox 941 2410 1075 2454; x_wconf 87' lang='lat' dir='ltr'><em>etiam</em></span> <span class='ocrx_word' id='word_1_340' title='bbox 1092 2418 1346 2467; x_wconf 85' lang='lat' dir='ltr'><em>permanens</em></span> <span class='ocrx_word' id='word_1_341' title='bbox 1361 2442 1373 2458; x_wconf 87' lang='lat'><em>,</em></span> <span class='ocrx_word' id='word_1_342' title='bbox 1395 2423 1475 2452; x_wconf 80' lang='lat' dir='ltr'><em>non</em></span> <span class='ocrx_word' id='word_1_343' title='bbox 1499 2406 1767 2466; x_wconf 78' lang='lat' dir='ltr'><em>distinguitur</em></span> <span class='ocrx_word' id='word_1_344' title='bbox 1788 2403 1814 2450; x_wconf 77' lang='grc' dir='ltr'><em>ἁ</em></span> <span class='ocrx_word' id='word_1_345' title='bbox 1835 2404 1926 2450; x_wconf 90' lang='lat' dir='ltr'><em>luce</em></span> <span class='ocrx_word' id='word_1_346' title='bbox 1947 2418 2064 2453; x_wconf 87' lang='lat' dir='ltr'><em>certo</em></span> 
     </span>
     <span class='ocr_line' id='line_1_34' title="bbox 307 2465 2061 2531; baseline -0.003 -10"><span class='ocrx_word' id='word_1_347' title='bbox 307 2474 428 2522; x_wconf 85' lang='lat' dir='ltr'><em>modo</em></span> <span class='ocrx_word' id='word_1_348' title='bbox 457 2465 711 2528; x_wconf 59' lang='lat' dir='ltr'><em>modificata.</em></span> <span class='ocrx_word' id='word_1_349' title='bbox 785 2471 864 2525; x_wconf 83' lang='lat'><strong>48.</strong></span> <span class='ocrx_word' id='word_1_350' title='bbox 899 2474 1027 2516; x_wconf 84' lang='lat' dir='ltr'><em>Sonus</em></span> <span class='ocrx_word' id='word_1_351' title='bbox 1048 2468 1316 2531; x_wconf 73' lang='lat' dir='ltr'><em>probabilius</em></span> <span class='ocrx_word' id='word_1_352' title='bbox 1346 2468 1522 2528; x_wconf 82' lang='lat' dir='ltr'><em>consistit</em></span> <span class='ocrx_word' id='word_1_353' title='bbox 1539 2472 1583 2516; x_wconf 91' lang='lat' dir='ltr'><em>in</em></span> <span class='ocrx_word' id='word_1_354' title='bbox 1609 2471 1771 2528; x_wconf 82' lang='lat' dir='ltr'><em>impetu</em></span> <span class='ocrx_word' id='word_1_355' title='bbox 1797 2465 2061 2525; x_wconf 82' lang='lat' dir='ltr'><em>modificato,</em></span> 
     </span>
     <span class='ocr_line' id='line_1_35' title="bbox 309 2528 2064 2594; baseline -0.004 -9"><span class='ocrx_word' id='word_1_356' title='bbox 309 2540 366 2586; x_wconf 58' lang='grc' dir='ltr'><em>(φ</em></span> <span class='ocrx_word' id='word_1_357' title='bbox 393 2548 577 2583; x_wconf 89' lang='lat' dir='ltr'><em>tremore</em></span> <span class='ocrx_word' id='word_1_358' title='bbox 605 2529 949 2590; x_wconf 81' lang='lat' dir='ltr'><em>corpusculorum.</em></span> <span class='ocrx_word' id='word_1_359' title='bbox 1024 2546 1104 2591; x_wconf 86' lang='lat'><strong>49.</strong></span> <span class='ocrx_word' id='word_1_360' title='bbox 1143 2534 1367 2581; x_wconf 86' lang='lat' dir='ltr'><em>Elementa</em></span> <span class='ocrx_word' id='word_1_361' title='bbox 1384 2533 1485 2590; x_wconf 86' lang='lat' dir='ltr'><em>sunt</em></span> <span class='ocrx_word' id='word_1_362' title='bbox 1504 2528 1791 2592; x_wconf 81' lang='lat' dir='ltr'><em>generabilia,</em></span> <span class='ocrx_word' id='word_1_363' title='bbox 1817 2532 1874 2579; x_wconf 68' lang='lat'><em>&amp;⁴</em></span> <span class='ocrx_word' id='word_1_364' title='bbox 1893 2542 2064 2594; x_wconf 86' lang='lat' dir='ltr'><em>corrup-</em></span> 
     </span>
     <span class='ocr_line' id='line_1_36' title="bbox 308 2593 1503 2657; baseline -0.008 -6"><span class='ocrx_word' id='word_1_365' title='bbox 308 2599 469 2650; x_wconf 78' lang='lat' dir='ltr'><em>tibilia.</em></span> <span class='ocrx_word' id='word_1_366' title='bbox 541 2607 614 2656; x_wconf 85' lang='lat'><em>50.</em></span> <span class='ocrx_word' id='word_1_367' title='bbox 649 2593 775 2642; x_wconf 74' lang='lat' dir='ltr'><em>Licet</em></span> <span class='ocrx_word' id='word_1_368' title='bbox 793 2607 990 2645; x_wconf 76' lang='lat' dir='ltr'><em>maneant</em></span> <span class='ocrx_word' id='word_1_369' title='bbox 1003 2593 1254 2657; x_wconf 71' lang='lat' dir='ltr'><em>formaliter</em></span> <span class='ocrx_word' id='word_1_370' title='bbox 1270 2599 1316 2645; x_wconf 85' lang='lat' dir='ltr'><em>in</em></span> <span class='ocrx_word' id='word_1_371' title='bbox 1339 2597 1503 2647; x_wconf 72' lang='lat' dir='ltr'><em>mixtis.</em></span> 
     </span>
    </p>
   </div>
  </div>
 </body>
</html>
