2242 2911
187 2106 287 2162 Sap.

193 2164 260 2225 PJ:
269 2168 345 2215 80.

437 137 496 186 32
1040 123 1199 185 Sphinx
1231 121 1475 187 Clarissima.

370 215 525 264 talem
555 211 786 263 humano
808 213 978 280 generi
1009 211 1265 264 abortum.
1333 215 1497 265 MEL:
1545 212 1687 267 Nihil
1710 229 1999 282 exaggeras:
2035 216 2146 268 sunt

370 273 672 332 Christiani,
714 276 798 327 sed
827 279 1040 327 nomine
1071 312 1084 333 ,
1117 280 1234 342 quia
1274 275 1532 329 Christum
1565 278 1866 346 profitentur
1892 313 1905 335 ‚
1932 281 2015 330 sed
2051 298 2146 330 vo-

371 357 430 391 ce
455 360 463 390 z
503 341 612 390 sunt
635 340 887 391 Catholici
911 376 924 397 ‚
961 341 1043 390 sed
1064 341 1164 391 'line
1186 342 1356 391 forma
1384 358 1478 408 pro
1513 342 1684 392 forma
1702 377 1715 398 ‚
1755 347 1873 407 quia
1894 343 2011 394 fidei
2050 345 2147 394 sese

370 404 715 455 commodant
736 439 748 460 ‚
786 407 866 456 vcl
885 405 1231 455 accomodant
1252 404 1436 471 potius,
1461 406 1522 454 ad
1541 406 1754 471 speciem
1772 410 1823 458 <Sc
1842 407 1943 457 fine
1958 408 2142 473 specie:

371 469 562 518 larvam
587 483 815 524 remove,
832 466 925 535 pro
947 471 1109 531 qualia
1131 465 1373 523 monstra,
1389 469 1663 534 Gorgonijs
1680 470 1902 520 foediora
1922 471 2143 535 spestris!

372 533 484 581 sunt
506 528 770 582 Christiani
790 532 1000 581 exterius
1023 566 1037 588 ‚
1066 532 1270 582 interius
1296 532 1456 582 Athei
1480 551 1489 581 :
1524 532 1736 582 credunt
1755 534 1900 597 quod
1927 535 2111 585 volunt
2129 568 2146 590 ‚

373 595 475 645 fine
498 594 597 644 fide
625 595 687 645 ad
709 611 925 646 omnem
947 595 1104 645 fidem
1124 598 1341 651 venales,
1357 599 1473 660 quia
1493 596 1556 646 ad
1578 612 1796 646 omnem
1816 599 2147 664 Religionem

373 658 709 709 indifferentes
742 677 752 708 :
780 661 978 709 nullam
1006 661 1226 726 probant
1248 694 1262 716 ‚
1301 676 1396 710 nec
1431 661 1588 709 ullam
1619 659 1893 725 reprobant
1915 695 1929 716 ,
1968 662 2148 711 ultima

373 738 492 772 cura
517 724 744 788 Religio,
779 740 888 787 quae
921 724 1020 781 jam
1048 722 1233 773 transiit
1255 726 1307 774 in
1323 736 1591 773 externum
1614 722 2012 789 ³‚politiciimque
2031 727 2150 775 Rei-

374 787 583 852 publicae
604 790 756 836 ritum
781 806 791 835 :
830 788 1033 836 laudant
1057 790 1109 837 in
1127 786 1226 838 fide
1245 822 1258 842 ,
1304 789 1446 851 quod
1483 788 1830 837 commodum
1847 821 1860 844 ‚
1898 788 2043 851 quod
2075 790 2149 837 in-

375 851 742 905 commodum,
765 851 858 900 risu
882 850 1159 900 exsibilantz'
1194 851 1277 917 ipfi
1301 853 1392 902 suae
1425 851 1541 900 fidei
1560 850 1839 906 Authores‚
1870 868 1964 917 pro
1994 854 2149 916 genio

375 915 603 963 formant
627 949 640 970 ‚
676 914 957 964 reformant
980 931 1075 980 pro
1111 916 1254 968 libitu
1275 950 1288 970 ‚
1328 932 1424 981 pro
1471 915 1675 964 libidine
1714 914 2037 964 deformant:
2080 917 2154 965 vi-

374 991 527 1033 vunt,
552 991 606 1027 ut
634 978 798 1033 edant,
823 979 979 1027 edunt
999 1013 1012 1031 ,
1033 991 1087 1028 ut
1116 982 1315 1034 vivant5
1353 995 1474 1028 nam
1501 981 1662 1029 vitam
1688 991 1875 1044 agunt,
1912 978 1971 1028 ut
2006 978 2150 1033 ferae,

374 1054 603 1091 mortem
626 1054 820 1106 optant,
834 1041 888 1090 ut
909 1039 1088 1091 bestiae.
1123 1044 1263 1112 Qid
1276 1044 1475 1091 multis?
1495 1042 1606 1091 sunt
1624 1039 1893 1091 Christiani
1914 1044 2146 1093 nomine,

374 1104 547 1154 revera
571 1104 742 1152 Athei.
811 1105 911 1153 Sed
930 1102 998 1152 cst
1022 1105 1213 1153 horum
1236 1109 1285 1155 δε
1313 1106 1406 1153 alia
1427 1106 1632 1169 species:
1684 1105 1811 1158 sunt,
1835 1107 1921 1167 qui
1943 1105 2153 1154 catholi-

375 1164 433 1216 ce
456 1166 667 1215 credunt
691 1199 703 1219 ‚
740 1167 907 1214 sedita
930 1169 1108 1215 vivunt
1130 1199 1143 1220 ‚
1179 1166 1315 1229 quali
1338 1183 1448 1216 non
1477 1168 1738 1216 crederent
1763 1185 1772 1215 ε
1808 1168 2011 1218 nullum
2042 1184 2150 1232 my-

377 1227 583 1285 sterium
604 1241 790 1293 negant
813 1263 826 1285 ‚
863 1232 914 1279 ὃς
932 1242 1105 1278 tamen
1126 1230 1305 1279 cundia
1326 1231 1561 1295 operibus
1580 1230 1862 1296 reprobant
1888 1249 1898 1279 ε
1934 1232 2151 1281 sentiunt

373 1309 495 1343 cum
517 1289 829 1348 Christianis,
855 1292 939 1341 sed
970 1309 1092 1342 cnm
1111 1293 1332 1342 Ethnicis
1361 1297 1540 1344 vivunt
1567 1327 1580 1348 ,
1609 1297 1665 1344 f&
1693 1294 1900 1349 AtheiS‚
1928 1290 2155 1359 utrisque

372 1358 567 1423 pejores
587 1389 600 1412 ‚
637 1358 754 1419 quia
779 1355 920 1421 supra
946 1356 1222 1405 Ethnicum
1254 1355 1592 1420 Atherimque
1622 1357 1908 1407 mendaces,
2011 1358 2152 1408 Coeli

373 1422 576 1486 praemia
604 1418 816 1468 credunt
838 1452 851 1474 ‚
884 1419 967 1468 sed
995 1418 1130 1483 quali
1162 1436 1271 1469 non
1298 1420 1589 1476 crederent,
1614 1422 1729 1483 quia
1759 1423 1970 1486 turpiter
1994 1422 2152 1487 negli-

373 1496 521 1549 gunt:
575 1495 756 1532 aeterna
777 1483 951 1532 dicunt
969 1483 1150 1531 inferni
1182 1483 1440 1548 supplicia,
1465 1483 1546 1532 sed
1579 1483 1716 1546 quasi
1751 1499 1862 1532 non
1898 1485 2153 1539 dicerent,

372 1550 492 1610 quia
524 1563 633 1596 non
659 1546 885 1596 horrent.
975 1545 1203 1596 Verbafi
1236 1548 1492 1602 consulas,
1513 1548 1720 1598 DEUM
1750 1544 1978 1603 existere,
1996 1550 2153 1598 etiam

375 1611 651 1661 Vindicem
666 1645 680 1665 ,
703 1608 943 1665 afferunt,
967 1609 1049 1660 sed
1072 1625 1134 1658 ne
1171 1622 1280 1665 ant,
1302 1624 1462 1674 quem
1480 1609 1719 1666 asserunt,
1740 1611 1863 1660 dum
1885 1611 2154 1661 horrendis
2237 1646 2238 1654 η

376 1674 640 1724 sceleribus
670 1674 945 1723 Vindicem
983 1672 1122 1722 offen
1163 1686 1268 1722 unt.
1368 1675 1575 1725 DEUM
1622 1689 1785 1722 unum
1819 1674 2064 1729 adorant,
2103 1679 2157 1727 <Sc
2236 1720 2238 1725 ,

376 1754 497 1787 cum
510 1736 764 1802 Polytheis
778 1737 864 1786 sibi
875 1738 1090 1803 plurima
1110 1737 1255 1787 Idola
1275 1735 1545 1787 fabricant:
1581 1753 1719 1786 nunc
1739 1737 1875 1786 enirn
1895 1736 2009 1787 thus
2032 1738 2157 1788 ado·

377 1802 483 1850 lent
495 1802 701 1856 Veneri,
716 1817 851 1851 nunc
872 1817 976 1850 aras
1000 1803 1197 1866 erigunt
1208 1801 1429 1855 Plutoni,
1446 1816 1582 1850 nunc
1643 1816 1772 1849 enua
1794 1813 2006 1850 curvant
2019 1804 2158 1852 Mer-
2234 1803 2236 1828 ²

378 1866 544 1922 cui-ijs,
572 1880 708 1914 nunc
741 1865 964 1915 viffimas
989 1865 1263 1913 immolant
1281 1866 1465 1937 Lyaeis:
1522 1864 1601 1913 fru
1646 1863 1699 1913 ra
1719 1861 1986 1913 Christiani
2004 1865 2157 1916 titulo
2233 1866 2236 1905 ’ἱ

378 1930 665 1992 gloriantes,
690 1932 738 1980 ὅ(
764 1932 815 1977 in
839 1928 1073 1993 spurcitiis
1099 1927 1340 1978 Ethnicos
1361 1930 1628 1982 imitantes,
1655 1940 1806 1991 atque
1829 1929 2024 1978 utinam
2046 1944 2158 1979 non
2232 1923 2235 1978 ἐ

379 1992 680 2056 iiiperantcs!
735 1992 996 2051 Ejusmodi
1019 1988 1285 2042 Christiani
1313 1993 1537 2040 nominis
1573 1992 1766 2049 Simijs,
1796 1989 1983 2042 merito
2017 1992 2156 2042 diem
2232 2050 2234 2059 y

382 2055 553 2103 dicunt
577 2057 798 2105 Gentiles
814 2090 826 2111 ,
848 2056 910 2105 ad
938 2057 1244 2120 Hieronymi
1262 2057 1540 2104 cortinam:
1593 2055 1798 2104 audiant
1819 2056 2030 2105 Oraculi
2057 2055 2151 2105 hu-
2230 2061 2233 2118 ξ

381 2119 452 2178 jus
475 2120 802 2168 Sententiam.
905 2121 980 2166 Cui
1005 2122 1174 2168 DEUs
1197 2131 1351 2166 venter
1378 2118 1458 2172 esi,
1489 2121 1530 2165 ei
1547 2121 1718 2166 DEUs
1737 2135 1879 2165 recens
1899 2117 1955 2172 est
1974 2154 1989 2171 ,
2020 2131 2147 2181 quot·

382 2197 540 2245 cunque
561 2186 676 2228 vitia
699 2182 851 2234 habes,
873 2195 940 2229 tot
956 2181 1085 2231 habes
1106 2194 1291 2230 recentes
1316 2185 1498 2230 DEOS:
1535 2184 1675 2229 iratum
1696 2199 1762 2233 es,
1791 2184 1861 2228 ira
1875 2180 1964 2228 tibi
1983 2185 2156 2231 DEUS
2230 2222 2231 2238 ,

384 2244 463 2298 est:
515 2245 659 2299 vidisti
682 2247 928 2300 mulierem,
952 2248 1007 2294 (φ
1036 2239 1280 2307 concchtssi,
1305 2244 1435 2292 libido
1457 2243 1541 2292 tibi
1565 2248 1734 2294 DEUS
1745 2242 1801 2298 est
1819 2263 1832 2290 ε
1868 2249 2149 2309 unusquisque
2227 2247 2232 2283 ἕ

384 2311 494 2355 enim
509 2345 522 2360 ,
545 2311 652 2372 quod
674 2311 812 2370 cupit,
844 2311 901 2356 Θ
920 2323 1179 2364 veneratur,
1199 2310 1273 2356 hoc
1294 2311 1357 2355 illi
1381 2311 1550 2356 DEUS
1571 2308 1641 2363 est.
1719 2308 1927 2373 Nempe
1945 2308 2051 2359 haec
2075 2306 2146 2357 est

193 2357 350 2414 L·7·³'⁷²
384 2372 482 2426 illa,
508 2372 570 2421 de
598 2387 696 2442 qua
718 2369 1360 2427 Ambr0fius,Christiano.s
1378 2374 1533 2427 inter,
1551 2373 1772 2420 Idolorum
1792 2375 2005 2422 Servitus.
2086 2374 2149 2421 Et

193 2424 344 2466 Luae.

200 2495 275 2542 14.

387 2437 578 2487 utinam
604 2436 854 2491 e1usmodi
875 2434 1100 2485 monstra
1125 2452 1235 2485 non
1262 2438 1602 2487 invenirentur
1621 2435 1862 2501 plurima,
1891 2434 1978 2484 sub
2012 2434 2157 2500 bysso
2225 2489 2227 2497 A

388 2502 438 2548 ὃς
457 2513 672 2564 purpura
690 2501 741 2548 in
761 2498 898 2553 aulis,
912 2499 998 2548 sub
1024 2500 1169 2549 olidis
1192 2500 1492 2549 centonibus
1514 2501 1566 2548 in
1578 2499 1747 2553 cauliS,
1772 2498 1860 2547 sub
1872 2500 2056 2548 vittain
2065 2514 2153 2564 gy-
2223 2527 2227 2566 ,⁴

390 2564 638 2620 naecei52&
655 2562 800 2626 quod
811 2562 1142 2631 Philosophiae
1157 2562 1599 2623 ciedeeorfiu112sub
1620 2562 1860 2630 epomide
1879 2563 2151 2680 iffifflffjess·
2224 2590 2225 2621 ἶ
