2175 2911
599 92 648 143 T
638 93 1001 156 echnophylaciam
1027 94 1260 156 Phyficum.
1644 107 1738 155 227

67 195 271 260 Nempe
290 195 382 242 Ars
393 194 525 240 Simia
548 190 602 245 est
628 195 816 239 Natnrae
842 228 854 244 ‚
887 204 1096 254 utraque
1124 193 1246 246 mira!
1257 197 1301 241 in
1327 198 1515 242 minimis
1538 231 1551 247 ‚
1587 196 1672 242 im&
1692 206 1802 240 tota.

66 261 222 305 MEL:
290 259 328 306 E
348 254 637 318 Philosophi
658 256 883 320 Tripode
905 255 1007 304 hoc
1025 255 1218 305 haufisti
1242 260 1540 310 Graculum,
1563 259 1700 313 cujus
1724 272 1807 305 ve-

65 324 263 369 ritatem
286 321 454 381 Magia
477 317 731 366 Technica
758 319 989 367 sexcentis
1010 319 1124 367 facit
1144 323 1445 384 experientiis
1471 319 1803 368 manifestam.
1878 360 1887 370 .
1974 359 1981 368 .

67 382 205 448 Quid
226 385 276 430 in
299 384 493 430 Natura
517 382 786 430 mirabilius
805 382 987 435 Coelo,
1011 385 1060 430 δε
1092 386 1232 431 cursu
1259 385 1519 432 Siderum?
1563 387 1611 432 ὅ(
1636 397 1807 431 tamen
1841 360 1922 407 αὖ·
1939 357 2040 418 ‘bsp‘

0 447 1 451 ’
67 445 172 493 haec
194 447 369 493 omnia
396 447 447 492 in
465 442 786 493 Archimedis
816 442 962 494 unica
989 444 1170 508 sphaera
1191 447 1288 495 Ars
1311 459 1453 495 tanto
1484 447 1717 510 prodigio
1739 441 1807 492 est
1842 421 2004 478 Tuscul.

64 509 282 562 imitata,
306 519 361 556 ut
385 521 565 556 omnes
592 509 829 557 omnium
859 507 1090 557 Siderum
1116 523 1313 564 motus,
1332 511 1588 558 intricatos
1618 508 1807 560 cursus,

0 571 2 632 ᾖ
63 570 275 634 eclypses
299 603 312 625 ,
363 569 530 634 phases
554 599 568 621 2
609 569 806 633 aliaque
827 567 1172 620 Astronomiae
1200 573 1557 623 Phoenomena
1581 568 1807 620 exactissi-

0 638 3 695 ξ
63 630 149 681 me
173 634 561 697 repraesentaret,
599 634 740 683 nullo
763 634 1066 687 discrimine,
1090 633 1175 682 nisi
1207 637 1348 697 quod
1368 637 1559 685 Natura
1577 638 1626 683 in
1649 636 1808 683 imen-

0 697 3 752 l
63 695 116 744 so
136 697 272 745 Coeli
293 696 657 762 hemisphaerio,
672 696 1006 745 Archimedes
1031 698 1081 745 in
1099 712 1256 760 parvo
1283 699 1472 762 sphaerae
1492 697 1807 761 hemicyc103

0 754 5 815 Ξ
66 760 210 822 quod
230 761 311 808 illa
334 757 361 809 ὲ
384 761 671 824 longinquo
691 760 970 814 obscurius,
996 759 1077 808 hic
1099 764 1150 808 in
1174 764 1463 826 propinquo
1488 759 1661 809 clarius
1682 758 1811 809 exhi-

0 820 5 879 ,ss
63 822 227 871 beret:
264 822 375 872 imo
396 825 562 872 multo
587 822 890 874 discrimine3
925 839 1045 872 nam
1067 822 1186 872 cum
1201 826 1449 873 Naturam
1466 827 1517 871 in
1529 824 1686 872 Coelo
1707 824 1812 886 sup-

0 888 7 938 l
64 885 232 948 pleant
250 885 606 948 Intelligentiae,
628 885 850 933 rotando
868 885 1040 933 Sidera
1054 918 1066 939 ,
1087 889 1138 934 in
1158 884 1481 934 Archimedis
1502 884 1683 947 sphaera
1703 887 1813 935 solo

3 936 7 973 ‘³
62 946 273 997 artificio
297 960 546 1010 regantur.
634 947 775 1010 Qud
797 950 848 995 in
860 950 1063 998 Natura:
1074 949 1301 998 Theatro
1321 944 1479 1009 magis
1493 944 1814 1010 stupendum,

5 1044 7 1059 2
65 1009 220 1072 quam
244 1021 472 1058 meteora
486 1007 734 1058 coelestia?
769 1012 819 1059 ὅ(
841 1021 1012 1057 tamen
1025 1011 1123 1058 Ars
1146 1010 1368 1058 humana
1389 1010 1422 1057 si
1445 1009 1609 1057 minus
1629 1008 1814 1072 assequi

67 1071 232 1137 potest
250 1075 526 1126 Naturam,
548 1072 716 1120 saltem
744 1071 1045 1136 ingeniosius
1066 1074 1301 1120 imitatur.
1387 1072 1638 1126 Fulmina,
1665 1084 1818 1135 atque

8 1156 10 1188 2
66 1138 289 1184 tonitrua
307 1136 457 1183 refert
482 1137 533 1182 in
552 1136 755 1199 pulvere
786 1137 957 1199 pyrio,
977 1137 1101 1183 intra
1120 1135 1458 1183 bombardam
1490 1134 1727 1183 accenso:
1763 1137 1816 1184 in

7 1206 11 1260 ᾖ
65 1214 192 1247 auro
211 1199 528 1252 fulminante,
551 1202 602 1247 in
623 1195 807 1251 fistulis,
833 1198 1011 1260 quibus
1032 1198 1286 1248 Aurifabri
1311 1210 1585 1247 momento
1615 1198 1816 1247 solvunt

9 1274 11 1285 '
65 1262 267 1310 metalla
282 1294 294 1315 ,
318 1263 370 1311 <Sc
394 1261 612 1323 denique
635 1263 685 1309 in
708 1261 940 1324 globulis,
963 1260 1092 1322 aqua
1112 1260 1299 1310 nitrosa
1319 1261 1526 1315 refertis,
1547 1264 1596 1310 ὃς
1618 1260 1815 1309 herme-

10 1323 12 1351 ἕ
64 1320 161 1372 tice
186 1323 380 1378 clausis,
403 1327 490 1387 qui
509 1323 810 1373 carbonibus
837 1323 1055 1388 impoliti
1070 1358 1082 1379 ,
1102 1325 1304 1373 terribili
1328 1340 1450 1373 mox
1471 1324 1667 1386 fragore
1691 1322 1816 1373 diffi-

11 1427 13 1442 ἦ
66 1388 222 1436 liunt?
258 1387 378 1449 quid
407 1388 732 1436 communius
759 1386 887 1435 Iride
913 1419 926 1440 ,
958 1402 1045 1449 per
1078 1387 1310 1451 fiphones
1341 1390 1392 1435 in
1420 1390 1533 1436 aere
1561 1385 1814 1435 formata?

12 1478 15 1508 ὲ
69 1450 190 1512 quid
209 1449 537 1499 Archimimis
561 1446 629 1498 est
649 1449 880 1503 usitatius,
902 1449 1056 1512 quam
1081 1465 1138 1498 ex
1158 1450 1307 1499 tholo
1322 1450 1486 1498 ferreo
1509 1448 1819 1498 artificialem

13 1513 17 1572 ξ
40 1527 46 1552 f
68 1514 329 1562 demittere
358 1514 582 1578 pluviam
600 1547 612 1567 ‚
636 1528 769 1576 quae,
795 1513 882 1562 ubi
909 1512 1112 1562 inferius
1146 1513 1376 1577 frigidior
1409 1527 1526 1561 aura
1558 1527 1644 1576 per
1671 1512 1818 1561 folles

13 1573 16 1591 ¹
66 1579 250 1632 cietur,
277 1592 398 1625 mox
424 1579 751 1642 crepitantem
770 1576 1103 1625 condensatur
1125 1577 1176 1625 in
1204 1575 1500 1641 grandinem
1536 1576 1552 1623 ἶ·
1614 1577 1675 1624 Et
1703 1577 1821 1638 quia

14 1653 16 1663 ¹
72 1643 126 1690 in
142 1640 331 1705 pluvias
351 1641 527 1694 incidi,
551 1655 671 1704 quas
693 1652 868 1705 praeter
890 1641 1095 1689 Naturae
1119 1641 1354 1689 ordinem
1376 1637 1587 1687 effundit
1607 1635 1822 1688 coelestis

20 1727 21 1730 ¹
69 1703 360 1767 Amphora,
372 1701 569 1754 curiosa
588 1704 839 1767 digniores
857 1700 1108 1752 memoria
1132 1704 1342 1767 legimus
1360 1703 1634 1765 sequentes.
1715 1701 1822 1751 An-

72 1782 145 1817 no
159 1768 335 1817 Salutis
353 1780 488 1826 1510.
511 1769 562 1816 in
579 1766 888 1816 Lombardia
910 1765 1151 1830 lapidibus
1173 1766 1358 1830 pluisse,
1372 1781 1595 1828 quorum
1616 1766 1823 1814 unicum

77 1843 184 1876 120.
208 1830 340 1879 libris
360 1829 631 1896 appensum
648 1863 660 1884 ,
682 1826 918 1894 Regique
942 1832 1151 1881 Franciae
1177 1827 1511 1879 monstratum
1527 1862 1539 1883 ,
1562 1828 1822 1878 Cardanus

75 1890 145 1941 est
162 1892 386 1943 Author.
455 1896 635 1942 Ferreae
656 1894 833 1951 pluviae
856 1895 1089 1941 meminit
1102 1893 1300 1947 Plinius,
1314 1908 1469 1941 aureae
1485 1893 1820 1941 Ammianus:

19 1967 21 1970 “
73 1956 332 2020 sanguine,
358 1956 506 2010 laCte,
525 1959 690 2006 cinere
710 1989 723 2010 ,
755 1956 1040 2010 frumento,
1067 1958 1192 2004 ranis
1208 1989 1220 2009 ,
1247 1956 1470 2005 muribus
1496 1954 1693 2019 pluiss'e,
1717 1969 1821 2018 pas-

74 2018 166 2069 sim
188 2018 406 2069 referunt
424 2019 527 2076 alij:
563 2019 767 2068 celebris
788 2016 856 2067 est
877 2034 1086 2082 quoque
1104 2020 1284 2068 vitulus
1308 2021 1584 2069 Avicennae
1602 2035 1613 2068 3
1631 2017 1741 2068 imo
1767 2018 1820 2068 ὃς

14 2138 19 2146 ³
76 2083 243 2132 vetula
258 2116 271 2137 ,
291 2098 444 2146 quam
468 2084 713 2137 Mantuae,
733 2097 870 2132 anno
893 2083 1068 2147 prioris
1090 2081 1247 2131 saeculi
1272 2082 1476 2131 decimo
1500 2081 1685 2131 octavo
1700 2115 1712 2135 2
1735 2095 1820 2146 per

8 2147 26 2215 ⁸3
74 2148 245 2194 a'e'rem
270 2158 548 2211 portatam,
570 2147 621 2193 in
640 2161 824 2208 campo
845 2145 1088 2208 denique,
1109 2161 1217 2194 non
1237 2145 1413 2210 procul
1438 2144 1720 2194 afoenisecis
1741 2145 1822 2192 de-

0 2220 27 2387 {l
79 2210 294 2274 positam
315 2209 539 2273 legimus.
610 2209 708 2259 Ubi
727 2207 874 2261 illud,
901 2209 1068 2263 velim,
1092 2209 1341 2263 advertas,
1362 2209 1503 2272 quod
1524 2209 1719 2256 Patrem
1740 2209 1820 2256 Fa-

78 2275 181 2327 bri,
202 2273 384 2323 Virum
404 2271 709 2321 Eruditionis
729 2270 875 2321 laude
894 2270 1224 2326 honoratum,
1244 2288 1351 2321 non
1375 2268 1634 2320 immerito
1654 2271 1823 2319 adver-

11 2334 27 2402 ’ξ
81 2341 165 2387 tit:
204 2336 442 2385 nimirum
463 2335 818 2399 Ephemerides
840 2334 985 2398 saepe,
1012 2334 1070 2382 ca
1089 2332 1309 2389 licentia,
1331 2335 1409 2384 vel
1431 2334 1591 2383 auxesi
1616 2332 1826 2382 conscri-

9 2404 29 2464 ςὶ
81 2415 214 2467 pras,
245 2411 298 2447 ut
321 2396 511 2463 Phyfici
539 2413 648 2446 non
670 2395 783 2447 raro
815 2411 936 2446 cum
958 2396 1234 2462 Chymaeris
1257 2432 1269 2454 ,
1298 2399 1433 2448 velut
1465 2398 1588 2445 novi
1613 2395 1828 2445 Bellero-

16 2462 30 2524 ξι
84 2464 327 2530 phontes,
349 2477 538 2525 magno
569 2460 769 2514 labore,
799 2461 941 2509 nullo
973 2461 1136 2509 fructu
1168 2461 1572 2526 congrediantur.
1671 2458 1829 2509 Subin

16 2565 32 2594 ‘a
87 2527 187 2580 Ars
207 2527 404 2590 Magica
436 2524 686 2583 ejusmodi
714 2523 905 2575 format
923 2525 950 2581 J
956 2538 1078 2573 oves
1097 2525 1377 2588 Aquarios:
1429 2538 1538 2575 non
1566 2536 1831 2583 nunquam

30 2610 32 2627 l

911 2587 957 2637 G
978 2601 1010 2652 g
1043 2599 1072 2634 2
1634 2588 1770 2639 venti

8 2668 26 2911 l
