2175 2911
369 101 433 157 64
955 87 979 138 l
986 86 1133 151 'irgula
1152 85 1404 135 Pharaonis.

309 186 403 238 esse
436 179 734 250 imposturas
757 213 770 235 ,
804 178 1100 228 daemonum
1130 191 1285 241 opera
1311 211 1325 228 ,
1355 175 1442 225 vel
1469 173 1621 223 etiam
1651 174 1855 227 occulta
1884 181 2066 231 virtute

312 251 444 299 edita
483 244 827 312 degenerantis
863 253 1047 290 naturae
1077 236 1332 290 monstra?
1366 239 1532 288 Ecce!
1567 235 1700 286 adeo
1727 240 2067 294 curiositatem
2118 261 2130 273 ⁶

310 328 451 364 tuam
475 327 585 364 non
607 309 836 359 inutilem
856 304 1024 364 judico
1047 337 1059 360 ,
1084 317 1138 353 ut
1156 304 1307 352 ctiam
1326 297 1613 352 Christiano
1642 300 1954 370 Philosopho
1984 321 2068 356 ne.

316 375 571 427 cessariam
603 372 697 421 effe
721 370 987 420 affirmem.
1967 403 1969 405 -

439 438 635 489 LEUC:
704 437 754 485 Si
776 437 841 483 ita
861 429 929 482 est
953 450 964 480 t
1003 424 1264 480 secretiora
1281 427 1446 494 pande
1470 426 1802 494 Philosophi-:e
1821 431 2066 481 Sacraria:

313 503 521 555 habebis
539 498 749 562 utraque
774 512 890 546 aure
907 499 1155 545 intentum
1171 530 1182 545 ,.
1208 496 1257 542 in
1277 494 1560 557 argumenti
1579 491 1721 547 huius
1736 492 1946 544 discursu
1959 511 2069 545 non

314 566 481 617 minus
504 565 626 616 utili,
645 561 797 626 quam
816 559 1054 617 jucundo.
1153 559 1310 604 MEL:
1379 556 1628 620 Praecipua
1645 556 1862 606 delibare
1882 554 1951 606 est
1969 562 2070 608 ani-

313 647 454 682 mus,
505 631 558 678 ὃς
585 626 649 677 fic
671 626 789 675 utile
817 624 1020 674 miscere
1042 620 1199 687 dulci,
1237 635 1299 668 ne
1329 619 1610 684 prolixitate
1635 617 1793 670 nimia
1829 620 2066 686 perdatur

312 693 574 760 punCtum.
690 690 869 752 Magiae
893 687 1035 743 hujus
1057 684 1412 734 live'naturam
1430 681 1533 732 five
1555 684 1809 747 originem
1839 717 1852 738 ‚
1887 680 2070 734 festivis

316 757 544 821 Apologi
568 753 831 802 frondibus
855 751 1067 800 velatam
1085 781 1097 802 ,
1134 751 1182 796 in
1203 746 1307 795 haec
1335 745 1485 795 verba
1509 745 1734 795 describit
1746 747 1941 797 Coelius
1955 748 2069 797 Cal-

314 822 577 884 cagninus:
616 817 808 868 tanaitas,
833 815 1009 875 inquit,
1034 813 1160 859 olim
1178 810 1394 855 Mcrczculo
1416 809 1596 865 juncta,
1618 809 1806 859 furtivo
1826 811 2069 860 concubi·

315 897 370 932 tu
391 884 561 946 genuit
585 882 807 938 Magiam:
844 879 925 925 scd
943 874 1293 925 reformidans,
1307 888 1368 920 ne
1380 871 1512 921 forte
1532 872 1700 919 Veritas
1713 886 1912 936 partum
1928 874 2065 923 hune

314 957 561 998 enecaret,
584 943 727 990 illum
746 941 1039 1000 Impudentiae,
1061 952 1118 984 ac
1137 938 1301 981 Timo-ri
1314 971 1324 984 ,
1340 935 1632 984 connubiali
1652 935 1848 986 foedere
1867 936 2041 992 junstis
2055 969 2072 992 ,

314 1006 638 1058 educandum
656 1003 869 1051 tradidit.
939 1001 1111 1060 Magia
1140 997 1214 1044 his
1235 996 1510 1065 nutricibus
1539 997 1625 1044 sub
1638 998 1942 1058 praestigiarum
1970 1014 2072 1048 cre-

313 1069 505 1137 pundijs
521 1066 688 1115 adulta
701 1096 715 1116 ,
742 1062 969 1118 fatuorum
987 1075 1103 1103 arces
1126 1070 1284 1119 coepit
1301 1058 1524 1105 incolere
1537 1090 1550 1111 ,
1566 1054 1737 1120 ibique
1771 1064 1963 1124 peperit
1977 1065 2070 1109 Cre.

315 1134 569 1180 dulitatem3
604 1127 734 1175 haee,
763 1121 1016 1172 beneficio
1035 1119 1252 1168 Parentis
1272 1132 1433 1182 grata,
1458 1121 1643 1168 mutuis
1670 1121 1809 1169 illam
1837 1128 1936 1179 jam
1957 1141 2072 1175 enu.

313 1197 396 1245 trit
419 1190 680 1252 obsequiis,
695 1187 920 1248 alioquin
943 1181 1085 1233 brevi
1102 1184 1438 1231 interituram:
1476 1181 1581 1231 haec
1598 1184 1679 1233 ille
1697 1186 1801 1249 pari
1825 1190 2076 1242 acumine,

315 1274 374 1308 ac
393 1259 614 1306 veritate,
714 1252 753 1300 E
776 1249 982 1313 quibus,
1005 1246 1038 1295 si
1057 1246 1237 1310 Magiae
1261 1245 1477 1310 cetypon
1501 1246 1768 1312 depingere
1789 1249 1984 1305 lubeat,
2008 1267 2077 1298 ar-

314 1334 403 1370 tem
423 1333 530 1368 non
555 1312 814 1365 immerito
841 1312 1016 1360 dixeris
1039 1342 1054 1364 ,
1088 1325 1175 1373 quae
1189 1307 1313 1369 paHo
1333 1311 1521 1356 daemonia
1546 1312 1675 1366 nixa,
1712 1323 1911 1372 operatur
1931 1318 2072 1366 mira,

316 1396 476 1430 naturae
497 1378 666 1426 viribm
685 1393 766 1423 non
790 1376 863 1435 nzfi
883 1376 935 1420 ad
944 1375 1124 1434 speciem
1134 1372 1371 1432 fitperiora.
1471 1374 1835 1440 Horoscopum
1855 1373 2077 1427 infaustae

317 1445 483 1497 soboli
503 1444 698 1491 animus
726 1454 853 1504 pene
872 1436 1047 1486 horret
1068 1432 1303 1484 statuere:
1341 1437 1557 1485 Patriam
1576 1438 1719 1487 nasta
1739 1436 1836 1495 est,
1872 1440 2079 1505 dignam

318 1506 563 1558 natalibus
584 1537 597 1559 ,
633 1503 942 1552 Acherontis
964 1499 1118 1549 chaos
1140 1511 1152 1548 ἰ
1197 1498 1315 1548 hine
1341 1499 1509 1548 lucem
1540 1501 1719 1566 aspexit
1748 1504 1798 1551 in
1825 1504 2042 1553 tenebris
2065 1536 2080 1558 ,

320 1567 607 1621 monstrum
628 1568 819 1615 aeternis
843 1565 1058 1613 tenebris
1082 1563 1310 1626 dignum.
1410 1564 1549 1612 Cum
1570 1565 1748 1614 mundi
1768 1567 1978 1616 exordio
1999 1583 2082 1617 or-

320 1648 432 1684 tum
454 1629 552 1686 est,
587 1623 974 1679 hocffinalorum
1006 1628 1298 1676 exordium:
1322 1625 1562 1675 Authore
1585 1629 1802 1690 illo,qui
1822 1632 2081 1679 malorum

320 1698 559 1747 omnium
580 1709 690 1742 non
709 1689 841 1741 male
869 1692 1046 1740 dicitur
1071 1689 1307 1740 Anthor:
1343 1705 1453 1737 non
1472 1692 1609 1739 enim
1629 1691 1729 1739 alio
1752 1693 1959 1740 Parente
1977 1693 2080 1742 nas-

321 1764 366 1811 ci
385 1760 550 1827 potuit
569 1757 774 1806 abortus
796 1788 810 1810 ,
842 1755 992 1804 Orbis
1025 1753 1219 1803 excidio
1251 1748 1533 1802 destinatus,
1631 1750 2083 1805 obstetricantibus

323 1824 471 1882 Furijs
497 1825 694 1871 enixam
718 1819 986 1883 susceperat
1007 1813 1216 1866 infausta
1234 1818 1424 1871 nutrix,
1458 1817 1633 1863 humani
1652 1829 1797 1878 nempe
1818 1819 2004 1878 ingenij,
2029 1835 2083 1867 ex

322 1887 532 1947 originali
551 1882 646 1932 labe
663 1883 900 1943 depravata
913 1882 1094 1928 indoles:
1130 1880 1224 1929 hac
1242 1882 1398 1929 crevit
1422 1881 1607 1944 Hydra,
1630 1879 1725 1928 hac
1746 1880 1968 1931 adolevit
1988 1881 2077 1931 hu-

322 1952 458 2000 mani
476 1948 666 2013 generis
676 1948 870 1996 Lernea
892 1941 1048 2010 pestis.
1086 1946 1217 1993 Hinc
1235 1944 1320 1992 diu
1341 1943 1620 1993 delitescere
1643 1947 1693 1992 in
1708 1945 1972 1994 Orconon
2027 1961 2084 1995 o-

323 2016 416 2063 tuit
431 2046 444 2067 ‚
478 2012 747 2061 nutricium
766 2011 819 2059 in
842 2011 977 2057 terris
996 2007 1137 2057 nacta
1161 2004 1483 2056 Zoroastrem
1498 2040 1512 2062 ,
1546 2007 1736 2057 infame
1767 2008 1898 2073 apud
1918 2010 2004 2058 Hil
2029 2026 2084 2059 0-

322 2073 616 2139 riographos
636 2088 857 2128 nomen,
893 2074 1009 2135 quia
1037 2086 1148 2121 non
1178 2070 1268 2121 nisi
1296 2067 1525 2135 sacrilega
1551 2073 1808 2136 impietate
1830 2071 1959 2121 Orbi
1987 2087 2080 2121 no-

320 2151 433 2189 tum
446 2171 460 2192 ,
482 2141 533 2187 &
554 2133 850 2186 Hcrostrato
868 2137 1027 2200 magiS
1045 2134 1316 2184 famosum.
1400 2136 1551 2184 Hunc
1570 2136 1648 2184 vix
1666 2147 1860 2189 natum,
1879 2134 1942 2183 ad
1962 2133 2076 2183 suos

324 2202 510 2252 natales
534 2198 674 2248 risiffe
694 2202 901 2248 unicum
920 2200 1087 2248 ferunt
1107 2231 1118 2252 ,
1148 2213 1277 2262 quos
1297 2198 1595 2263 perennibus
1624 2198 1852 2262 lacrymis
1865 2194 1971 2245 satis
1994 2197 2077 2246 de-

91 2270 266 2324 Autbor
330 2265 448 2313 flere
463 2262 697 2312 hactenus
720 2259 912 2324 nequiit
935 2261 1183 2312 universus
1200 2262 1365 2311 Orbis.
1438 2263 1665 2326 Magiam
1693 2263 1755 2311 ab.
1774 2259 1938 2309 inferis
1958 2259 2078 2310 hau-

94 2331 307 2391 hzstschol.
332 2324 474 2380 stam,
489 2338 543 2375 ut
562 2324 740 2395 mundi
760 2326 911 2395 vitiis,
934 2325 1235 2388 cataclysmo
1250 2325 1556 2390 mergendis,
1579 2325 1713 2374 foret
1728 2318 1975 2388 superstes,
1995 2339 2081 2372 co-

94 2397 294 2460 caffianm
331 2392 517 2441 lumnis
535 2401 678 2437 aeneis
699 2386 946 2449 inscripsit,
970 2400 1118 2442 ratus,
1140 2387 1269 2438 hanc
1290 2405 1445 2438 unam
1465 2387 1573 2438 satis
1594 2388 1706 2437 fore
1724 2386 1960 2434 vitiorum
1973 2387 2080 2436 Ilia-

95 2464 145 2509 de
169 2459 309 2518 Origi-
335 2455 484 2509 dem,
503 2463 557 2501 ut
579 2449 799 2508 seeundo
820 2451 1042 2500 Mundus
1060 2454 1262 2501 interitu
1279 2455 1472 2517 periret.
1570 2453 1633 2500 Et
1652 2445 1774 2498 vero
1800 2447 1966 2506 diluvii
1993 2465 2081 2499 un-

97 2541 148 2571 ηε
175 2523 277 2570 Ma·
335 2518 408 2571 dis
423 2517 511 2571 ubi
527 2517 716 2579 integra
735 2512 954 2571 emersit,
974 2514 1147 2566 sensim
1167 2515 1324 2570 Urbes
1343 2548 1357 2572 ,
1381 2518 1431 2566 &
1448 2517 1623 2579 Regna
1636 2544 1651 2570 ,
1670 2510 1840 2569 tribuS,
1853 2514 1902 2563 ὅ(
1921 2528 2084 2579 popu.

93 2589 188 2648 giae.

1934 2576 2013 2626 los
