<?xml version="1.0" encoding="UTF-8"?>
<!DOCTYPE html PUBLIC "-//W3C//DTD XHTML 1.0 Transitional//EN"
    "http://www.w3.org/TR/xhtml1/DTD/xhtml1-transitional.dtd">
<html xmlns="http://www.w3.org/1999/xhtml" xml:lang="en" lang="en">
 <head>
  <title>
</title>
<meta http-equiv="Content-Type" content="text/html;charset=utf-8" />
  <meta name='ocr-system' content='tesseract 3.04.00' />
  <meta name='ocr-capabilities' content='ocr_page ocr_carea ocr_par ocr_line ocrx_word'/>
</head>
<body>
  <div class='ocr_page' id='page_1' title='image "./nostritemporisph00schw/nostritemporisph00schw_0415.png"; bbox 0 0 2175 2911; ppageno 0'>
   <div class='ocr_carea' id='block_1_1' title="bbox 661 128 1711 184">
    <p class='ocr_par' dir='ltr' id='par_1_1' title="bbox 661 128 1711 184">
     <span class='ocr_line' id='line_1_1' title="bbox 661 128 1711 184; baseline -0.005 -6"><span class='ocrx_word' id='word_1_1' title='bbox 661 128 898 183; x_wconf 80' lang='lat' dir='ltr'><em>Academia</em></span> <span class='ocrx_word' id='word_1_2' title='bbox 915 128 1165 181; x_wconf 78' lang='lat' dir='ltr'><em>Brutorum.</em></span> <span class='ocrx_word' id='word_1_3' title='bbox 1623 139 1644 175; x_wconf 82' lang='lat'>1</span> <span class='ocrx_word' id='word_1_4' title='bbox 1653 134 1711 184; x_wconf 80' lang='lat'><strong>25</strong></span> 
     </span>
    </p>
   </div>
   <div class='ocr_carea' id='block_1_2' title="bbox 0 219 2036 2633">
    <p class='ocr_par' dir='ltr' id='par_1_2' title="bbox 41 219 1782 334">
     <span class='ocr_line' id='line_1_2' title="bbox 41 219 1782 334; baseline -0.001 -61"><span class='ocrx_word' id='word_1_5' title='bbox 41 222 202 334; x_wconf 55' lang='lat' dir='ltr'><strong>posset</strong></span> <span class='ocrx_word' id='word_1_6' title='bbox 215 222 308 274; x_wconf 82' lang='lat' dir='ltr'><strong>effe</strong></span> <span class='ocrx_word' id='word_1_7' title='bbox 328 222 615 290; x_wconf 87' lang='lat' dir='ltr'><strong>prudentius</strong></span> <span class='ocrx_word' id='word_1_8' title='bbox 628 255 640 277; x_wconf 85' lang='lat'><strong>,</strong></span> <span class='ocrx_word' id='word_1_9' title='bbox 665 221 819 286; x_wconf 79' lang='lat' dir='ltr'><strong>quam</strong></span> <span class='ocrx_word' id='word_1_10' title='bbox 840 224 891 272; x_wconf 89' lang='lat' dir='ltr'><strong>in</strong></span> <span class='ocrx_word' id='word_1_11' title='bbox 909 221 1150 286; x_wconf 83' lang='lat' dir='ltr'><strong>hypogeis</strong></span> <span class='ocrx_word' id='word_1_12' title='bbox 1168 222 1355 272; x_wconf 87' lang='lat' dir='ltr'><strong>servare</strong></span> <span class='ocrx_word' id='word_1_13' title='bbox 1375 222 1555 271; x_wconf 91' lang='lat' dir='ltr'><strong>horrea</strong></span> <span class='ocrx_word' id='word_1_14' title='bbox 1568 251 1581 275; x_wconf 88' lang='lat'>‚</span> <span class='ocrx_word' id='word_1_15' title='bbox 1601 219 1782 285; x_wconf 85' lang='lat' dir='ltr'><strong>quibus</strong></span> 
     </span>
    </p>

    <p class='ocr_par' dir='ltr' id='par_1_3' title="bbox 32 282 2036 2309">
     <span class='ocr_line' id='line_1_3' title="bbox 80 282 1780 353; baseline -0.001 -16"><span class='ocrx_word' id='word_1_16' title='bbox 80 291 234 350; x_wconf 81' lang='lat' dir='ltr'>yemis</span> <span class='ocrx_word' id='word_1_17' title='bbox 262 285 459 353; x_wconf 88' lang='lat' dir='ltr'><strong>egestati</strong></span> <span class='ocrx_word' id='word_1_18' title='bbox 489 286 823 352; x_wconf 79' lang='lat' dir='ltr'>prospiciant?</span> <span class='ocrx_word' id='word_1_19' title='bbox 867 287 988 348; x_wconf 90' lang='lat' dir='ltr'><strong>quid</strong></span> <span class='ocrx_word' id='word_1_20' title='bbox 1024 287 1204 334; x_wconf 86' lang='lat' dir='ltr'><strong>rationi</strong></span> <span class='ocrx_word' id='word_1_21' title='bbox 1240 287 1558 335; x_wconf 81' lang='lat' dir='ltr'>conformius</span> <span class='ocrx_word' id='word_1_22' title='bbox 1581 317 1595 338; x_wconf 84' lang='lat'><strong><em>‚</em></strong></span> <span class='ocrx_word' id='word_1_23' title='bbox 1624 282 1780 349; x_wconf 78' lang='lat' dir='ltr'><strong>quam</strong></span> 
     </span>
     <span class='ocr_line' id='line_1_4' title="bbox 41 345 1779 426; baseline -0.002 -28"><span class='ocrx_word' id='word_1_24' title='bbox 41 352 379 413; x_wconf 82' lang='lat' dir='ltr'><strong>praemordere</strong></span> <span class='ocrx_word' id='word_1_25' title='bbox 414 366 565 426; x_wconf 79' lang='lat' dir='ltr'><strong>grana</strong></span> <span class='ocrx_word' id='word_1_26' title='bbox 593 352 736 398; x_wconf 91' lang='lat' dir='ltr'><strong>tritici</strong></span> <span class='ocrx_word' id='word_1_27' title='bbox 759 383 772 404; x_wconf 89' lang='lat'><strong>,</strong></span> <span class='ocrx_word' id='word_1_28' title='bbox 803 364 868 397; x_wconf 92' lang='lat' dir='ltr'><strong>ne</strong></span> <span class='ocrx_word' id='word_1_29' title='bbox 900 353 951 397; x_wconf 91' lang='lat' dir='ltr'><strong>in</strong></span> <span class='ocrx_word' id='word_1_30' title='bbox 979 364 1188 413; x_wconf 83' lang='lat' dir='ltr'>germen</span> <span class='ocrx_word' id='word_1_31' title='bbox 1222 350 1588 413; x_wconf 84' lang='lat' dir='ltr'><strong>protuberent3</strong></span> <span class='ocrx_word' id='word_1_32' title='bbox 1623 345 1779 411; x_wconf 75' lang='lat' dir='ltr'><strong>quam</strong></span> 
     </span>
     <span class='ocr_line' id='line_1_5' title="bbox 40 412 1783 479; baseline -0.002 -17"><span class='ocrx_word' id='word_1_33' title='bbox 40 413 242 463; x_wconf 83' lang='lat' dir='ltr'>Phoebo</span> <span class='ocrx_word' id='word_1_34' title='bbox 257 447 270 468; x_wconf 85' lang='lat'>‚</span> <span class='ocrx_word' id='word_1_35' title='bbox 288 426 552 476; x_wconf 82' lang='lat' dir='ltr'><strong>ventisque</strong></span> <span class='ocrx_word' id='word_1_36' title='bbox 578 428 854 479; x_wconf 79' lang='lat' dir='ltr'><strong>exponere,</strong></span> <span class='ocrx_word' id='word_1_37' title='bbox 877 428 940 460; x_wconf 90' lang='lat' dir='ltr'><strong>ne</strong></span> <span class='ocrx_word' id='word_1_38' title='bbox 963 412 1260 461; x_wconf 85' lang='lat' dir='ltr'><strong>humiditate</strong></span> <span class='ocrx_word' id='word_1_39' title='bbox 1287 425 1425 461; x_wconf 89' lang='lat' dir='ltr'><strong>terrae</strong></span> <span class='ocrx_word' id='word_1_40' title='bbox 1453 425 1783 476; x_wconf 84' lang='lat' dir='ltr'><strong>corrumpan-</strong></span> 
     </span>
     <span class='ocr_line' id='line_1_6' title="bbox 41 471 1779 540; baseline -0.002 -16"><span class='ocrx_word' id='word_1_41' title='bbox 41 480 148 525; x_wconf 77' lang='lat' dir='ltr'><strong>tur?</strong></span> <span class='ocrx_word' id='word_1_42' title='bbox 193 480 331 540; x_wconf 87' lang='lat' dir='ltr'><strong>super</strong></span> <span class='ocrx_word' id='word_1_43' title='bbox 362 480 537 528; x_wconf 89' lang='lat' dir='ltr'><strong>omnia</strong></span> <span class='ocrx_word' id='word_1_44' title='bbox 569 489 741 524; x_wconf 87' lang='lat' dir='ltr'><strong>tamen</strong></span> <span class='ocrx_word' id='word_1_45' title='bbox 771 476 835 525; x_wconf 86' lang='lat' dir='ltr'><strong>fic</strong></span> <span class='ocrx_word' id='word_1_46' title='bbox 860 478 910 524; x_wconf 91' lang='lat' dir='ltr'><strong>in</strong></span> <span class='ocrx_word' id='word_1_47' title='bbox 939 471 1170 524; x_wconf 82' lang='lat' dir='ltr'><strong>industria</strong></span> <span class='ocrx_word' id='word_1_48' title='bbox 1202 478 1448 529; x_wconf 82' lang='lat' dir='ltr'><strong>eminent,</strong></span> <span class='ocrx_word' id='word_1_49' title='bbox 1481 486 1536 522; x_wconf 91' lang='lat' dir='ltr'><strong>ut</strong></span> <span class='ocrx_word' id='word_1_50' title='bbox 1568 476 1779 524; x_wconf 89' lang='lat' dir='ltr'><strong>Numen</strong></span> 
     </span>
     <span class='ocr_line' id='line_1_7' title="bbox 40 531 2029 604; baseline -0.006 -17"><span class='ocrx_word' id='word_1_51' title='bbox 40 540 196 604; x_wconf 87' lang='lat' dir='ltr'><strong>ipsum</strong></span> <span class='ocrx_word' id='word_1_52' title='bbox 218 543 319 590; x_wconf 85' lang='lat' dir='ltr'><strong>illas</strong></span> <span class='ocrx_word' id='word_1_53' title='bbox 345 536 764 603; x_wconf 75' lang='lat' dir='ltr'><strong>creetMagistras‚</strong></span> <span class='ocrx_word' id='word_1_54' title='bbox 782 555 877 588; x_wconf 91' lang='lat' dir='ltr'><strong>nos</strong></span> <span class='ocrx_word' id='word_1_55' title='bbox 901 540 1017 588; x_wconf 89' lang='lat' dir='ltr'><strong>velit</strong></span> <span class='ocrx_word' id='word_1_56' title='bbox 1035 536 1126 585; x_wconf 81' lang='lat' dir='ltr'><strong>effe</strong></span> <span class='ocrx_word' id='word_1_57' title='bbox 1141 539 1420 602; x_wconf 79' lang='lat' dir='ltr'><strong>Discipulos</strong></span> <span class='ocrx_word' id='word_1_58' title='bbox 1440 556 1449 586; x_wconf 76' lang='grc' dir='ltr'>ε</span> <span class='ocrx_word' id='word_1_59' title='bbox 1485 539 1599 583; x_wconf 76' lang='lat' dir='ltr'><strong>vade</strong></span> <span class='ocrx_word' id='word_1_60' title='bbox 1621 539 1671 582; x_wconf 82' lang='lat' dir='ltr'><strong>ad</strong></span> <span class='ocrx_word' id='word_1_61' title='bbox 1687 534 1781 594; x_wconf 83' lang='lat' dir='ltr'><strong>f&#39;or-</strong></span> <span class='ocrx_word' id='word_1_62' title='bbox 1818 531 2029 578; x_wconf 79' lang='lat' dir='ltr'><strong>Prov.l,c.</strong></span> 
     </span>
     <span class='ocr_line' id='line_1_8' title="bbox 43 593 1997 667; baseline -0.002 -20"><span class='ocrx_word' id='word_1_63' title='bbox 43 606 220 654; x_wconf 73' lang='lat' dir='ltr'><strong>micam,</strong></span> <span class='ocrx_word' id='word_1_64' title='bbox 245 603 266 649; x_wconf 84' lang='grc' dir='ltr'><em>ὂ</em></span> <span class='ocrx_word' id='word_1_65' title='bbox 292 607 425 663; x_wconf 65' lang='lat' dir='ltr'><strong>piger.</strong></span> <span class='ocrx_word' id='word_1_66' title='bbox 527 602 781 651; x_wconf 66' lang='lat' dir='ltr'><strong>Caeterum</strong></span> <span class='ocrx_word' id='word_1_67' title='bbox 809 601 1097 667; x_wconf 79' lang='lat' dir='ltr'><strong>imprudens</strong></span> <span class='ocrx_word' id='word_1_68' title='bbox 1117 601 1281 648; x_wconf 84' lang='lat' dir='ltr'><strong>forem</strong></span> <span class='ocrx_word' id='word_1_69' title='bbox 1299 635 1310 653; x_wconf 85' lang='lat'><strong>,</strong></span> <span class='ocrx_word' id='word_1_70' title='bbox 1334 601 1366 649; x_wconf 81' lang='lat' dir='ltr'><strong>si</strong></span> <span class='ocrx_word' id='word_1_71' title='bbox 1392 602 1490 650; x_wconf 88' lang='lat' dir='ltr'><strong>hoc</strong></span> <span class='ocrx_word' id='word_1_72' title='bbox 1517 603 1567 648; x_wconf 89' lang='lat' dir='ltr'><strong>in</strong></span> <span class='ocrx_word' id='word_1_73' title='bbox 1588 601 1707 647; x_wconf 89' lang='lat' dir='ltr'><strong>loco</strong></span> <span class='ocrx_word' id='word_1_74' title='bbox 1728 598 1780 645; x_wconf 78' lang='lat' dir='ltr'><strong>fi-</strong></span> <span class='ocrx_word' id='word_1_75' title='bbox 1817 599 1870 642; x_wconf 87' lang='lat' dir='ltr'><strong>L.</strong></span> <span class='ocrx_word' id='word_1_76' title='bbox 1891 609 1930 639; x_wconf 86' lang='lat'><strong>1-</strong></span> <span class='ocrx_word' id='word_1_77' title='bbox 1947 593 1997 637; x_wconf 79' lang='lat' dir='ltr'><strong>de</strong></span> 
     </span>
     <span class='ocr_line' id='line_1_9' title="bbox 39 659 1957 731; baseline -0.004 -18"><span class='ocrx_word' id='word_1_78' title='bbox 39 667 192 713; x_wconf 76' lang='lat' dir='ltr'><strong>ierem</strong></span> <span class='ocrx_word' id='word_1_79' title='bbox 210 661 1075 731; x_wconf 50' lang='lat' dir='ltr'><strong>Elephantis‚prudentianuqnmteste</strong></span> <span class='ocrx_word' id='word_1_80' title='bbox 1089 664 1278 716; x_wconf 84' lang='lat' dir='ltr'><strong>Tullio,</strong></span> <span class='ocrx_word' id='word_1_81' title='bbox 1302 664 1531 710; x_wconf 57' lang='lat' dir='ltr'><strong>belluarum</strong></span> <span class='ocrx_word' id='word_1_82' title='bbox 1558 665 1668 709; x_wconf 71' lang='lat' dir='ltr'><strong>nulla</strong></span> <span class='ocrx_word' id='word_1_83' title='bbox 1681 674 1783 722; x_wconf 79' lang='lat' dir='ltr'><strong>pru·</strong></span> <span class='ocrx_word' id='word_1_84' title='bbox 1816 659 1957 703; x_wconf 76' lang='lat' dir='ltr'><strong>nativ.</strong></span> 
     </span>
     <span class='ocr_line' id='line_1_10' title="bbox 41 722 1956 792; baseline -0.002 -20"><span class='ocrx_word' id='word_1_85' title='bbox 41 730 221 776; x_wconf 52' lang='lat' dir='ltr'><strong>deficior.</strong></span> <span class='ocrx_word' id='word_1_86' title='bbox 323 732 454 784; x_wconf 85' lang='lat' dir='ltr'><strong>Fuit,</strong></span> <span class='ocrx_word' id='word_1_87' title='bbox 479 732 566 792; x_wconf 89' lang='lat' dir='ltr'><strong>qui</strong></span> <span class='ocrx_word' id='word_1_88' title='bbox 596 745 677 777; x_wconf 89' lang='lat' dir='ltr'><strong>vas</strong></span> <span class='ocrx_word' id='word_1_89' title='bbox 695 744 965 792; x_wconf 87' lang='lat' dir='ltr'><strong>cupreum,</strong></span> <span class='ocrx_word' id='word_1_90' title='bbox 1003 727 1125 776; x_wconf 84' lang='lat' dir='ltr'><strong>dum</strong></span> <span class='ocrx_word' id='word_1_91' title='bbox 1144 722 1173 774; x_wconf 55' lang='lat' dir='ltr'><strong>&gt;a</strong></span> <span class='ocrx_word' id='word_1_92' title='bbox 1202 726 1346 781; x_wconf 83' lang='lat' dir='ltr'><strong>fabro</strong></span> <span class='ocrx_word' id='word_1_93' title='bbox 1379 723 1508 774; x_wconf 76' lang='lat' dir='ltr'><strong>male</strong></span> <span class='ocrx_word' id='word_1_94' title='bbox 1539 725 1782 773; x_wconf 63' lang='lat' dir='ltr'><strong>refectum</strong></span> <span class='ocrx_word' id='word_1_95' title='bbox 1817 724 1956 768; x_wconf 84' lang='lat' dir='ltr'><strong>Deor.</strong></span> 
     </span>
     <span class='ocr_line' id='line_1_11' title="bbox 39 781 1970 855; baseline -0.004 -14"><span class='ocrx_word' id='word_1_96' title='bbox 39 792 274 841; x_wconf 87' lang='lat' dir='ltr'><strong>Domino</strong></span> <span class='ocrx_word' id='word_1_97' title='bbox 304 805 524 855; x_wconf 79' lang='lat' dir='ltr'><strong>reportat</strong></span> <span class='ocrx_word' id='word_1_98' title='bbox 544 825 556 844; x_wconf 93' lang='lat'><strong>,</strong></span> <span class='ocrx_word' id='word_1_99' title='bbox 591 791 834 840; x_wconf 83' lang='lat' dir='ltr'><strong>mercedis</strong></span> <span class='ocrx_word' id='word_1_100' title='bbox 866 788 988 840; x_wconf 74' lang='lat' dir='ltr'><strong>loco</strong></span> <span class='ocrx_word' id='word_1_101' title='bbox 1023 791 1228 839; x_wconf 87' lang='lat' dir='ltr'><strong>verbera</strong></span> <span class='ocrx_word' id='word_1_102' title='bbox 1260 786 1558 852; x_wconf 70' lang='lat' dir='ltr'><strong>reportatus</strong></span> <span class='ocrx_word' id='word_1_103' title='bbox 1612 786 1783 835; x_wconf 72' lang='lat' dir='ltr'><strong>denuo</strong></span> <span class='ocrx_word' id='word_1_104' title='bbox 1817 781 1970 842; x_wconf 71' lang='lat' dir='ltr'><strong>Justus</strong></span> 
     </span>
     <span class='ocr_line' id='line_1_12' title="bbox 38 846 1935 913; baseline -0.004 -10"><span class='ocrx_word' id='word_1_105' title='bbox 38 869 155 903; x_wconf 89' lang='lat' dir='ltr'><strong>cum</strong></span> <span class='ocrx_word' id='word_1_106' title='bbox 186 853 296 902; x_wconf 89' lang='lat' dir='ltr'><strong>vase</strong></span> <span class='ocrx_word' id='word_1_107' title='bbox 322 853 567 906; x_wconf 67' lang='lat' dir='ltr'><strong>remissus,</strong></span> <span class='ocrx_word' id='word_1_108' title='bbox 602 854 768 901; x_wconf 86' lang='lat' dir='ltr'><strong>retulit</strong></span> <span class='ocrx_word' id='word_1_109' title='bbox 792 853 1034 902; x_wconf 56' lang='lat' dir='ltr'><strong>rescitum</strong></span> <span class='ocrx_word' id='word_1_110' title='bbox 1064 850 1311 905; x_wconf 79' lang='lat' dir='ltr'><strong>secundo,</strong></span> <span class='ocrx_word' id='word_1_111' title='bbox 1339 851 1420 900; x_wconf 87' lang='lat' dir='ltr'><strong>sed</strong></span> <span class='ocrx_word' id='word_1_112' title='bbox 1448 847 1622 899; x_wconf 66' lang='lat' dir='ltr'><strong>hausta</strong></span> <span class='ocrx_word' id='word_1_113' title='bbox 1656 849 1787 913; x_wconf 71' lang='lat' dir='ltr'><strong>prins</strong></span> <span class='ocrx_word' id='word_1_114' title='bbox 1821 846 1935 905; x_wconf 79' lang='lat' dir='ltr'><strong>Lips-</strong></span> 
     </span>
     <span class='ocr_line' id='line_1_13' title="bbox 36 913 1999 982; baseline -0.007 -17"><span class='ocrx_word' id='word_1_115' title='bbox 36 913 166 978; x_wconf 68' lang='lat' dir='ltr'><strong>aqua</strong></span> <span class='ocrx_word' id='word_1_116' title='bbox 186 915 415 978; x_wconf 83' lang='lat' dir='ltr'><strong>sagaciter</strong></span> <span class='ocrx_word' id='word_1_117' title='bbox 442 915 1255 982; x_wconf 76' lang='lat' dir='ltr'><strong>exploratum,probatumque,ne</strong></span> <span class='ocrx_word' id='word_1_118' title='bbox 1274 913 1565 964; x_wconf 84' lang='lat' dir='ltr'><strong>mercedem</strong></span> <span class='ocrx_word' id='word_1_119' title='bbox 1584 913 1790 960; x_wconf 85' lang='lat' dir='ltr'><strong>alteram</strong></span> <span class='ocrx_word' id='word_1_120' title='bbox 1822 919 1931 954; x_wconf 79' lang='lat' dir='ltr'><strong>cent.</strong></span> <span class='ocrx_word' id='word_1_121' title='bbox 1957 919 1999 952; x_wconf 77' lang='grc' dir='ltr'><strong>ι.</strong></span> 
     </span>
     <span class='ocr_line' id='line_1_14' title="bbox 35 973 1980 1042; baseline 0.001 -17"><span class='ocrx_word' id='word_1_122' title='bbox 35 980 258 1042; x_wconf 86' lang='lat' dir='ltr'><strong>accipere</strong></span> <span class='ocrx_word' id='word_1_123' title='bbox 290 991 573 1041; x_wconf 71' lang='lat' dir='ltr'><strong>cogeretur.</strong></span> <span class='ocrx_word' id='word_1_124' title='bbox 639 981 761 1034; x_wconf 83' lang='lat' dir='ltr'><strong>Fuit,</strong></span> <span class='ocrx_word' id='word_1_125' title='bbox 783 983 867 1041; x_wconf 89' lang='lat' dir='ltr'><strong>qui</strong></span> <span class='ocrx_word' id='word_1_126' title='bbox 888 980 913 1029; x_wconf 75' lang='lat' dir='ltr'><strong>a</strong></span> <span class='ocrx_word' id='word_1_127' title='bbox 934 981 1195 1030; x_wconf 87' lang='lat' dir='ltr'><strong>Venatore</strong></span> <span class='ocrx_word' id='word_1_128' title='bbox 1215 978 1433 1028; x_wconf 76' lang='lat' dir='ltr'><strong>nimium</strong></span> <span class='ocrx_word' id='word_1_129' title='bbox 1455 974 1654 1041; x_wconf 73' lang='lat' dir='ltr'><strong>pressus,</strong></span> <span class='ocrx_word' id='word_1_130' title='bbox 1671 973 1790 1022; x_wconf 82' lang='lat' dir='ltr'><strong>den·</strong></span> <span class='ocrx_word' id='word_1_131' title='bbox 1824 981 1980 1042; x_wconf 39' lang='lat' dir='ltr'><strong>‘’P-‚50-</strong></span> 
     </span>
     <span class='ocr_line' id='line_1_15' title="bbox 36 1034 1985 1105; baseline -0.002 -17"><span class='ocrx_word' id='word_1_132' title='bbox 36 1043 164 1089; x_wconf 89' lang='lat' dir='ltr'><strong>tium</strong></span> <span class='ocrx_word' id='word_1_133' title='bbox 198 1041 320 1090; x_wconf 88' lang='lat' dir='ltr'><strong>ebur</strong></span> <span class='ocrx_word' id='word_1_134' title='bbox 346 1042 433 1089; x_wconf 81' lang='lat' dir='ltr'><strong>fibi</strong></span> <span class='ocrx_word' id='word_1_135' title='bbox 467 1042 601 1090; x_wconf 78' lang='lat' dir='ltr'><strong>ultro</strong></span> <span class='ocrx_word' id='word_1_136' title='bbox 632 1042 832 1090; x_wconf 82' lang='lat' dir='ltr'><strong>excuffit</strong></span> <span class='ocrx_word' id='word_1_137' title='bbox 855 1079 867 1094; x_wconf 93' lang='lat'><em>‚</em></span> <span class='ocrx_word' id='word_1_138' title='bbox 895 1041 1144 1105; x_wconf 81' lang='lat' dir='ltr'><strong>humique</strong></span> <span class='ocrx_word' id='word_1_139' title='bbox 1175 1043 1423 1099; x_wconf 61' lang='lat' dir='ltr'><strong>abicitum</strong></span> <span class='ocrx_word' id='word_1_140' title='bbox 1458 1040 1710 1090; x_wconf 86' lang='lat' dir='ltr'><strong>Venatori</strong></span> <span class='ocrx_word' id='word_1_141' title='bbox 1732 1039 1784 1085; x_wconf 92' lang='lat' dir='ltr'><strong>in</strong></span> <span class='ocrx_word' id='word_1_142' title='bbox 1820 1034 1985 1080; x_wconf 69' lang='lat' dir='ltr'><strong>Solmm</strong></span> 
     </span>
     <span class='ocr_line' id='line_1_16' title="bbox 37 1097 1942 1168; baseline -0.004 -17"><span class='ocrx_word' id='word_1_143' title='bbox 37 1105 254 1168; x_wconf 84' lang='lat' dir='ltr'><strong>praedam</strong></span> <span class='ocrx_word' id='word_1_144' title='bbox 281 1104 534 1166; x_wconf 83' lang='lat' dir='ltr'><strong>quaesitam</strong></span> <span class='ocrx_word' id='word_1_145' title='bbox 558 1104 717 1158; x_wconf 83' lang='lat' dir='ltr'><strong>ceffit,</strong></span> <span class='ocrx_word' id='word_1_146' title='bbox 741 1106 1032 1168; x_wconf 77' lang='lat' dir='ltr'><strong>prudentius</strong></span> <span class='ocrx_word' id='word_1_147' title='bbox 1059 1107 1171 1154; x_wconf 89' lang='lat' dir='ltr'><strong>fore</strong></span> <span class='ocrx_word' id='word_1_148' title='bbox 1193 1118 1350 1157; x_wconf 87' lang='lat' dir='ltr'><strong>ratus,</strong></span> <span class='ocrx_word' id='word_1_149' title='bbox 1369 1103 1403 1151; x_wconf 87' lang='lat' dir='ltr'>fi</span> <span class='ocrx_word' id='word_1_150' title='bbox 1424 1105 1570 1168; x_wconf 86' lang='lat' dir='ltr'><strong>partis</strong></span> <span class='ocrx_word' id='word_1_151' title='bbox 1601 1097 1785 1159; x_wconf 57' lang='lat' dir='ltr'><strong>jactura</strong></span> <span class='ocrx_word' id='word_1_152' title='bbox 1819 1098 1942 1153; x_wconf 71' lang='lat' dir='ltr'><strong>l.23.</strong></span> 
     </span>
     <span class='ocr_line' id='line_1_17' title="bbox 38 1167 2036 1248; baseline -0.003 -33"><span class='ocrx_word' id='word_1_153' title='bbox 38 1168 152 1215; x_wconf 88' lang='lat' dir='ltr'><strong>sese</strong></span> <span class='ocrx_word' id='word_1_154' title='bbox 183 1180 353 1217; x_wconf 92' lang='lat' dir='ltr'><strong>totum</strong></span> <span class='ocrx_word' id='word_1_155' title='bbox 382 1167 594 1216; x_wconf 88' lang='lat' dir='ltr'><strong>servaret</strong></span> <span class='ocrx_word' id='word_1_156' title='bbox 619 1169 951 1216; x_wconf 89' lang='lat' dir='ltr'><strong>incolumem.</strong></span> <span class='ocrx_word' id='word_1_157' title='bbox 1051 1169 1149 1217; x_wconf 84' lang='lat' dir='ltr'><strong>Sed</strong></span> <span class='ocrx_word' id='word_1_158' title='bbox 1180 1172 1230 1217; x_wconf 84' lang='lat'>&amp;</span> <span class='ocrx_word' id='word_1_159' title='bbox 1261 1180 1457 1215; x_wconf 85' lang='lat' dir='ltr'><strong>caeteras</strong></span> <span class='ocrx_word' id='word_1_160' title='bbox 1479 1168 1784 1216; x_wconf 82' lang='lat' dir='ltr'><strong>animantes,</strong></span> <span class='ocrx_word' id='word_1_161' title='bbox 1827 1196 1869 1239; x_wconf 73' lang='lat' dir='ltr'>G</span> <span class='ocrx_word' id='word_1_162' title='bbox 1898 1188 2036 1248; x_wconf 55' lang='lat' dir='ltr'><em>Memfi„</em></span> 
     </span>
     <span class='ocr_line' id='line_1_18' title="bbox 36 1210 2030 1311; baseline -0.003 -33"><span class='ocrx_word' id='word_1_163' title='bbox 36 1246 101 1278; x_wconf 92' lang='lat' dir='ltr'><strong>ne</strong></span> <span class='ocrx_word' id='word_1_164' title='bbox 123 1230 214 1280; x_wconf 91' lang='lat' dir='ltr'><strong>suis</strong></span> <span class='ocrx_word' id='word_1_165' title='bbox 234 1230 529 1280; x_wconf 83' lang='lat' dir='ltr'><strong>defraudem</strong></span> <span class='ocrx_word' id='word_1_166' title='bbox 549 1232 809 1288; x_wconf 74' lang='lat' dir='ltr'><strong>encomiis,</strong></span> <span class='ocrx_word' id='word_1_167' title='bbox 834 1246 943 1278; x_wconf 91' lang='lat' dir='ltr'><strong>non</strong></span> <span class='ocrx_word' id='word_1_168' title='bbox 969 1232 1157 1280; x_wconf 89' lang='lat' dir='ltr'><strong>minori</strong></span> <span class='ocrx_word' id='word_1_169' title='bbox 1179 1226 1441 1296; x_wconf 64' lang='lat' dir='ltr'><strong>prudentia</strong></span> <span class='ocrx_word' id='word_1_170' title='bbox 1460 1229 1682 1295; x_wconf 84' lang='lat' dir='ltr'><strong>praeditas</strong></span> <span class='ocrx_word' id='word_1_171' title='bbox 1701 1242 1786 1291; x_wconf 87' lang='lat' dir='ltr'><strong>per</strong></span> <span class='ocrx_word' id='word_1_172' title='bbox 1818 1259 1861 1302; x_wconf 62' lang='lat' dir='ltr'><strong>in</strong></span> <span class='ocrx_word' id='word_1_173' title='bbox 1871 1210 2030 1311; x_wconf 35' lang='lat' dir='ltr'><em>§hl-los</em></span> 
     </span>
     <span class='ocr_line' id='line_1_19' title="bbox 37 1289 2030 1358; baseline -0.003 -17"><span class='ocrx_word' id='word_1_174' title='bbox 37 1297 298 1358; x_wconf 88' lang='lat' dir='ltr'><strong>epitomen</strong></span> <span class='ocrx_word' id='word_1_175' title='bbox 322 1294 410 1341; x_wconf 91' lang='lat' dir='ltr'><strong>tibi</strong></span> <span class='ocrx_word' id='word_1_176' title='bbox 434 1291 748 1342; x_wconf 90' lang='lat' dir='ltr'><strong>demonstro.</strong></span> <span class='ocrx_word' id='word_1_177' title='bbox 848 1295 960 1342; x_wconf 92' lang='lat' dir='ltr'><strong>Leo</strong></span> <span class='ocrx_word' id='word_1_178' title='bbox 990 1295 1228 1343; x_wconf 90' lang='lat' dir='ltr'><strong>involutis</strong></span> <span class='ocrx_word' id='word_1_179' title='bbox 1252 1293 1500 1356; x_wconf 85' lang='lat' dir='ltr'><strong>unguibus</strong></span> <span class='ocrx_word' id='word_1_180' title='bbox 1530 1290 1783 1342; x_wconf 90' lang='lat' dir='ltr'><strong>ambulat,</strong></span> <span class='ocrx_word' id='word_1_181' title='bbox 1885 1338 1894 1347; x_wconf 68' lang='grc'>,</span> <span class='ocrx_word' id='word_1_182' title='bbox 2019 1289 2030 1300; x_wconf 84' lang='grc'><em>’</em></span> 
     </span>
     <span class='ocr_line' id='line_1_20' title="bbox 35 1335 2033 1420; baseline -0.003 -15"><span class='ocrx_word' id='word_1_183' title='bbox 35 1372 100 1405; x_wconf 91' lang='lat' dir='ltr'><strong>ne</strong></span> <span class='ocrx_word' id='word_1_184' title='bbox 120 1369 418 1406; x_wconf 88' lang='lat' dir='ltr'><strong>atterantur:</strong></span> <span class='ocrx_word' id='word_1_185' title='bbox 455 1353 653 1420; x_wconf 89' lang='lat' dir='ltr'><strong>vestigia</strong></span> <span class='ocrx_word' id='word_1_186' title='bbox 673 1359 722 1405; x_wconf 89' lang='lat' dir='ltr'><strong>in</strong></span> <span class='ocrx_word' id='word_1_187' title='bbox 745 1371 890 1404; x_wconf 90' lang='lat' dir='ltr'><strong>arena</strong></span> <span class='ocrx_word' id='word_1_188' title='bbox 913 1357 1198 1410; x_wconf 87' lang='lat' dir='ltr'><strong>confundit,</strong></span> <span class='ocrx_word' id='word_1_189' title='bbox 1221 1372 1284 1404; x_wconf 90' lang='lat' dir='ltr'><strong>ne</strong></span> <span class='ocrx_word' id='word_1_190' title='bbox 1305 1356 1567 1419; x_wconf 85' lang='lat' dir='ltr'><strong>prodatur:</strong></span> <span class='ocrx_word' id='word_1_191' title='bbox 1589 1356 1641 1403; x_wconf 85' lang='lat' dir='ltr'><strong>in</strong></span> <span class='ocrx_word' id='word_1_192' title='bbox 1664 1353 1786 1417; x_wconf 81' lang='lat' dir='ltr'><strong>apri·</strong></span> <span class='ocrx_word' id='word_1_193' title='bbox 1820 1342 1858 1383; x_wconf 85' lang='lat' dir='ltr'><em>P</em></span> <span class='ocrx_word' id='word_1_194' title='bbox 1861 1335 2033 1394; x_wconf 69' lang='lat' dir='ltr'><strong>ll⁷²·l·9·</strong></span> 
     </span>
     <span class='ocr_line' id='line_1_21' title="bbox 36 1413 1952 1485; baseline -0.004 -18"><span class='ocrx_word' id='word_1_195' title='bbox 36 1435 103 1468; x_wconf 92' lang='lat' dir='ltr'><strong>co</strong></span> <span class='ocrx_word' id='word_1_196' title='bbox 124 1421 251 1485; x_wconf 91' lang='lat' dir='ltr'><strong>fugit</strong></span> <span class='ocrx_word' id='word_1_197' title='bbox 269 1418 453 1469; x_wconf 72' lang='lat' dir='ltr'><strong>incessu</strong></span> <span class='ocrx_word' id='word_1_198' title='bbox 473 1421 639 1483; x_wconf 88' lang='lat' dir='ltr'><strong>gravi,</strong></span> <span class='ocrx_word' id='word_1_199' title='bbox 661 1422 709 1469; x_wconf 86' lang='lat'>&amp;</span> <span class='ocrx_word' id='word_1_200' title='bbox 732 1435 826 1484; x_wconf 92' lang='lat' dir='ltr'><strong>pro</strong></span> <span class='ocrx_word' id='word_1_201' title='bbox 849 1422 1123 1468; x_wconf 86' lang='lat' dir='ltr'><strong>reverentia</strong></span> <span class='ocrx_word' id='word_1_202' title='bbox 1144 1417 1410 1476; x_wconf 75' lang='lat' dir='ltr'><strong>MaJestatis</strong></span> <span class='ocrx_word' id='word_1_203' title='bbox 1434 1419 1603 1466; x_wconf 88' lang='lat' dir='ltr'><strong>lento:</strong></span> <span class='ocrx_word' id='word_1_204' title='bbox 1649 1427 1784 1463; x_wconf 84' lang='lat' dir='ltr'><strong>extra</strong></span> <span class='ocrx_word' id='word_1_205' title='bbox 1818 1417 1854 1448; x_wconf 80' lang='lat'><strong>⁶·</strong></span> <span class='ocrx_word' id='word_1_206' title='bbox 1874 1413 1952 1459; x_wconf 90' lang='lat'><strong>42·</strong></span> 
     </span>
     <span class='ocr_line' id='line_1_22' title="bbox 38 1478 1785 1548; baseline -0.004 -17"><span class='ocrx_word' id='word_1_207' title='bbox 38 1484 385 1548; x_wconf 66' lang='lat' dir='ltr'><strong>conspectum,</strong></span> <span class='ocrx_word' id='word_1_208' title='bbox 407 1486 457 1532; x_wconf 86' lang='lat'>&amp;</span> <span class='ocrx_word' id='word_1_209' title='bbox 487 1482 735 1546; x_wconf 78' lang='lat' dir='ltr'><strong>sylvarum</strong></span> <span class='ocrx_word' id='word_1_210' title='bbox 759 1482 955 1530; x_wconf 88' lang='lat' dir='ltr'><strong>latebris</strong></span> <span class='ocrx_word' id='word_1_211' title='bbox 985 1481 1165 1535; x_wconf 60' lang='lat' dir='ltr'><strong>tectus,</strong></span> <span class='ocrx_word' id='word_1_212' title='bbox 1186 1484 1338 1529; x_wconf 88' lang='lat' dir='ltr'><strong>etiam</strong></span> <span class='ocrx_word' id='word_1_213' title='bbox 1368 1481 1566 1545; x_wconf 90' lang='lat' dir='ltr'><strong>lepores</strong></span> <span class='ocrx_word' id='word_1_214' title='bbox 1598 1478 1785 1527; x_wconf 86' lang='lat' dir='ltr'><strong>veloci-</strong></span> 
     </span>
     <span class='ocr_line' id='line_1_23' title="bbox 36 1538 1786 1611; baseline -0.004 -18"><span class='ocrx_word' id='word_1_215' title='bbox 36 1557 137 1595; x_wconf 86' lang='lat' dir='ltr'><strong>tate</strong></span> <span class='ocrx_word' id='word_1_216' title='bbox 162 1550 430 1611; x_wconf 82' lang='lat' dir='ltr'><strong>praecurrit.</strong></span> <span class='ocrx_word' id='word_1_217' title='bbox 515 1546 708 1595; x_wconf 86' lang='lat' dir='ltr'><strong>Cervus</strong></span> <span class='ocrx_word' id='word_1_218' title='bbox 732 1545 934 1594; x_wconf 90' lang='lat' dir='ltr'><strong>labente</strong></span> <span class='ocrx_word' id='word_1_219' title='bbox 953 1546 1115 1609; x_wconf 86' lang='lat' dir='ltr'><strong>Aprili</strong></span> <span class='ocrx_word' id='word_1_220' title='bbox 1139 1545 1305 1593; x_wconf 84' lang='lat' dir='ltr'><strong>amiffa</strong></span> <span class='ocrx_word' id='word_1_221' title='bbox 1330 1558 1548 1595; x_wconf 87' lang='lat' dir='ltr'><strong>cornua,</strong></span> <span class='ocrx_word' id='word_1_222' title='bbox 1578 1538 1786 1589; x_wconf 90' lang='lat' dir='ltr'><strong>difficili-</strong></span> 
     </span>
     <span class='ocr_line' id='line_1_24' title="bbox 33 1601 1783 1664; baseline -0.004 -7"><span class='ocrx_word' id='word_1_223' title='bbox 33 1609 124 1659; x_wconf 86' lang='lat' dir='ltr'><strong>bus</strong></span> <span class='ocrx_word' id='word_1_224' title='bbox 138 1611 396 1660; x_wconf 89' lang='lat' dir='ltr'><strong>abscondit</strong></span> <span class='ocrx_word' id='word_1_225' title='bbox 408 1609 636 1664; x_wconf 87' lang='lat' dir='ltr'><strong>sentibus,</strong></span> <span class='ocrx_word' id='word_1_226' title='bbox 650 1625 714 1658; x_wconf 93' lang='lat' dir='ltr'><strong>ne</strong></span> <span class='ocrx_word' id='word_1_227' title='bbox 737 1622 841 1658; x_wconf 90' lang='lat' dir='ltr'><strong>tam</strong></span> <span class='ocrx_word' id='word_1_228' title='bbox 854 1605 997 1658; x_wconf 77' lang='lat' dir='ltr'><strong>facile</strong></span> <span class='ocrx_word' id='word_1_229' title='bbox 1021 1610 1358 1658; x_wconf 84' lang='lat' dir='ltr'><strong>inveniantur:</strong></span> <span class='ocrx_word' id='word_1_230' title='bbox 1381 1606 1499 1656; x_wconf 89' lang='lat' dir='ltr'><strong>hinc</strong></span> <span class='ocrx_word' id='word_1_231' title='bbox 1519 1601 1783 1662; x_wconf 75' lang='lat' dir='ltr'><strong>sinistrum,</strong></span> 
     </span>
     <span class='ocr_line' id='line_1_25' title="bbox 32 1669 1782 1739; baseline -0.002 -18"><span class='ocrx_word' id='word_1_232' title='bbox 32 1675 410 1723; x_wconf 87' lang='lat' dir='ltr'><strong>medicamentis</strong></span> <span class='ocrx_word' id='word_1_233' title='bbox 422 1672 686 1739; x_wconf 68' lang='lat' dir='ltr'><strong>praeditum</strong></span> <span class='ocrx_word' id='word_1_234' title='bbox 701 1707 713 1728; x_wconf 88' lang='lat'><strong>,</strong></span> <span class='ocrx_word' id='word_1_235' title='bbox 735 1672 762 1723; x_wconf 76' lang='lat' dir='ltr'><strong>a</strong></span> <span class='ocrx_word' id='word_1_236' title='bbox 784 1676 986 1724; x_wconf 87' lang='lat' dir='ltr'><strong>nemine</strong></span> <span class='ocrx_word' id='word_1_237' title='bbox 1012 1672 1247 1721; x_wconf 66' lang='lat' dir='ltr'><strong>haetenus</strong></span> <span class='ocrx_word' id='word_1_238' title='bbox 1262 1675 1526 1722; x_wconf 90' lang='lat' dir='ltr'><strong>inventum</strong></span> <span class='ocrx_word' id='word_1_239' title='bbox 1542 1669 1782 1719; x_wconf 83' lang='lat' dir='ltr'><strong>afferunt:</strong></span> 
     </span>
     <span class='ocr_line' id='line_1_26' title="bbox 32 1732 1783 1802; baseline -0.001 -18"><span class='ocrx_word' id='word_1_240' title='bbox 32 1736 210 1786; x_wconf 80' lang='lat' dir='ltr'><strong>amiffis</strong></span> <span class='ocrx_word' id='word_1_241' title='bbox 225 1737 460 1786; x_wconf 91' lang='lat' dir='ltr'><strong>cornibus</strong></span> <span class='ocrx_word' id='word_1_242' title='bbox 480 1740 531 1785; x_wconf 89' lang='lat' dir='ltr'><strong>in</strong></span> <span class='ocrx_word' id='word_1_243' title='bbox 550 1738 704 1786; x_wconf 85' lang='lat' dir='ltr'><strong>invias</strong></span> <span class='ocrx_word' id='word_1_244' title='bbox 725 1737 972 1802; x_wconf 86' lang='lat' dir='ltr'><strong>sylvarum</strong></span> <span class='ocrx_word' id='word_1_245' title='bbox 993 1737 1200 1786; x_wconf 89' lang='lat' dir='ltr'><strong>latebras</strong></span> <span class='ocrx_word' id='word_1_246' title='bbox 1219 1732 1676 1802; x_wconf 68' lang='lat' dir='ltr'><strong>penetrat,no&amp;ct&#39;1q;</strong></span> <span class='ocrx_word' id='word_1_247' title='bbox 1702 1749 1783 1798; x_wconf 88' lang='lat' dir='ltr'><strong>pa-</strong></span> 
     </span>
     <span class='ocr_line' id='line_1_27' title="bbox 34 1798 1786 1864; baseline -0.001 -16"><span class='ocrx_word' id='word_1_248' title='bbox 34 1798 203 1854; x_wconf 85' lang='lat' dir='ltr'><strong>scitur,</strong></span> <span class='ocrx_word' id='word_1_249' title='bbox 224 1802 339 1863; x_wconf 87' lang='lat' dir='ltr'><strong>quia</strong></span> <span class='ocrx_word' id='word_1_250' title='bbox 357 1803 582 1850; x_wconf 89' lang='lat' dir='ltr'><strong>inermis:</strong></span> <span class='ocrx_word' id='word_1_251' title='bbox 621 1800 746 1849; x_wconf 84' lang='lat' dir='ltr'><strong>dum</strong></span> <span class='ocrx_word' id='word_1_252' title='bbox 770 1798 942 1851; x_wconf 77' lang='lat' dir='ltr'><strong>denuo</strong></span> <span class='ocrx_word' id='word_1_253' title='bbox 967 1798 1169 1850; x_wconf 69' lang='lat' dir='ltr'><strong>crevere</strong></span> <span class='ocrx_word' id='word_1_254' title='bbox 1193 1816 1348 1852; x_wconf 84' lang='lat' dir='ltr'><strong>arma,</strong></span> <span class='ocrx_word' id='word_1_255' title='bbox 1370 1799 1458 1847; x_wconf 87' lang='lat' dir='ltr'><strong>soli</strong></span> <span class='ocrx_word' id='word_1_256' title='bbox 1479 1802 1708 1864; x_wconf 84' lang='lat' dir='ltr'><strong>exponit,</strong></span> <span class='ocrx_word' id='word_1_257' title='bbox 1731 1809 1786 1846; x_wconf 89' lang='lat' dir='ltr'><strong>ut</strong></span> 
     </span>
     <span class='ocr_line' id='line_1_28' title="bbox 36 1860 1786 1930; baseline -0.001 -19"><span class='ocrx_word' id='word_1_258' title='bbox 36 1863 178 1912; x_wconf 74' lang='lat' dir='ltr'><strong>citius</strong></span> <span class='ocrx_word' id='word_1_259' title='bbox 197 1865 459 1913; x_wconf 85' lang='lat' dir='ltr'><strong>durentur:</strong></span> <span class='ocrx_word' id='word_1_260' title='bbox 496 1862 712 1913; x_wconf 79' lang='lat' dir='ltr'><strong>crassiori</strong></span> <span class='ocrx_word' id='word_1_261' title='bbox 732 1865 1032 1930; x_wconf 84' lang='lat' dir='ltr'><strong>pinguedine</strong></span> <span class='ocrx_word' id='word_1_262' title='bbox 1046 1864 1169 1913; x_wconf 87' lang='lat' dir='ltr'><strong>dum</strong></span> <span class='ocrx_word' id='word_1_263' title='bbox 1190 1879 1371 1928; x_wconf 87' lang='lat' dir='ltr'><strong>corpus</strong></span> <span class='ocrx_word' id='word_1_264' title='bbox 1391 1862 1664 1925; x_wconf 89' lang='lat' dir='ltr'><strong>turgescere</strong></span> <span class='ocrx_word' id='word_1_265' title='bbox 1683 1860 1786 1909; x_wconf 92' lang='lat' dir='ltr'><strong>sen-</strong></span> 
     </span>
     <span class='ocr_line' id='line_1_29' title="bbox 36 1924 1785 1991; baseline -0.001 -17"><span class='ocrx_word' id='word_1_266' title='bbox 36 1927 118 1980; x_wconf 90' lang='lat' dir='ltr'><strong>tit,</strong></span> <span class='ocrx_word' id='word_1_267' title='bbox 145 1930 194 1975; x_wconf 90' lang='lat' dir='ltr'><strong>in</strong></span> <span class='ocrx_word' id='word_1_268' title='bbox 216 1943 374 1991; x_wconf 87' lang='lat' dir='ltr'><strong>opaca</strong></span> <span class='ocrx_word' id='word_1_269' title='bbox 397 1927 576 1976; x_wconf 88' lang='lat' dir='ltr'><strong>secedit</strong></span> <span class='ocrx_word' id='word_1_270' title='bbox 607 1928 808 1981; x_wconf 82' lang='lat' dir='ltr'><strong>denuo,</strong></span> <span class='ocrx_word' id='word_1_271' title='bbox 831 1945 894 1977; x_wconf 90' lang='lat' dir='ltr'><strong>ne</strong></span> <span class='ocrx_word' id='word_1_272' title='bbox 923 1927 1087 1977; x_wconf 73' lang='lat' dir='ltr'><strong>minus</strong></span> <span class='ocrx_word' id='word_1_273' title='bbox 1120 1928 1182 1976; x_wconf 92' lang='lat' dir='ltr'><strong>ad</strong></span> <span class='ocrx_word' id='word_1_274' title='bbox 1201 1927 1376 1989; x_wconf 86' lang='lat' dir='ltr'><strong>fugam</strong></span> <span class='ocrx_word' id='word_1_275' title='bbox 1403 1925 1603 1979; x_wconf 88' lang='lat' dir='ltr'><strong>habilis,</strong></span> <span class='ocrx_word' id='word_1_276' title='bbox 1625 1924 1653 1974; x_wconf 75' lang='lat' dir='ltr'><strong>a</strong></span> <span class='ocrx_word' id='word_1_277' title='bbox 1681 1926 1785 1974; x_wconf 90' lang='lat' dir='ltr'><strong>Ve-</strong></span> 
     </span>
     <span class='ocr_line' id='line_1_30' title="bbox 34 1985 1786 2055; baseline -0.001 -17"><span class='ocrx_word' id='word_1_278' title='bbox 34 1991 293 2039; x_wconf 90' lang='lat' dir='ltr'><strong>natoribus</strong></span> <span class='ocrx_word' id='word_1_279' title='bbox 320 1987 591 2040; x_wconf 85' lang='lat' dir='ltr'><strong>infestetur.</strong></span> <span class='ocrx_word' id='word_1_280' title='bbox 692 1992 879 2043; x_wconf 84' lang='lat' dir='ltr'><strong>Grues,</strong></span> <span class='ocrx_word' id='word_1_281' title='bbox 908 1991 1027 2041; x_wconf 76' lang='lat' dir='ltr'><strong>cum</strong></span> <span class='ocrx_word' id='word_1_282' title='bbox 1057 1991 1223 2039; x_wconf 90' lang='lat' dir='ltr'><strong>serena</strong></span> <span class='ocrx_word' id='word_1_283' title='bbox 1256 1990 1394 2038; x_wconf 87' lang='lat' dir='ltr'><strong>favet</strong></span> <span class='ocrx_word' id='word_1_284' title='bbox 1421 1985 1710 2055; x_wconf 84' lang='lat' dir='ltr'><strong>tempestas,</strong></span> <span class='ocrx_word' id='word_1_285' title='bbox 1730 1987 1786 2037; x_wconf 86' lang='lat' dir='ltr'><strong>fi-</strong></span> 
     </span>
     <span class='ocr_line' id='line_1_31' title="bbox 37 2052 1784 2119; baseline -0.001 -17"><span class='ocrx_word' id='word_1_286' title='bbox 37 2068 107 2102; x_wconf 90' lang='lat' dir='ltr'><strong>nu</strong></span> <span class='ocrx_word' id='word_1_287' title='bbox 130 2055 307 2104; x_wconf 90' lang='lat' dir='ltr'><strong>volant</strong></span> <span class='ocrx_word' id='word_1_288' title='bbox 331 2054 532 2107; x_wconf 88' lang='lat' dir='ltr'><strong>lunato,</strong></span> <span class='ocrx_word' id='word_1_289' title='bbox 556 2054 840 2119; x_wconf 86' lang='lat' dir='ltr'><strong>surgentem</strong></span> <span class='ocrx_word' id='word_1_290' title='bbox 878 2069 1089 2104; x_wconf 89' lang='lat' dir='ltr'><strong>ventum</strong></span> <span class='ocrx_word' id='word_1_291' title='bbox 1122 2069 1246 2102; x_wconf 88' lang='lat' dir='ltr'><strong>mox</strong></span> <span class='ocrx_word' id='word_1_292' title='bbox 1280 2065 1497 2102; x_wconf 89' lang='lat' dir='ltr'><strong>cuneato</strong></span> <span class='ocrx_word' id='word_1_293' title='bbox 1528 2052 1784 2105; x_wconf 88' lang='lat' dir='ltr'><strong>scindunt,</strong></span> 
     </span>
     <span class='ocr_line' id='line_1_32' title="bbox 35 2116 1786 2182; baseline -0.001 -17"><span class='ocrx_word' id='word_1_294' title='bbox 35 2131 101 2166; x_wconf 90' lang='lat' dir='ltr'><strong>ne</strong></span> <span class='ocrx_word' id='word_1_295' title='bbox 122 2119 387 2182; x_wconf 85' lang='lat' dir='ltr'><strong>rapiantur.</strong></span> <span class='ocrx_word' id='word_1_296' title='bbox 487 2119 615 2167; x_wconf 90' lang='lat' dir='ltr'><strong>Non</strong></span> <span class='ocrx_word' id='word_1_297' title='bbox 638 2118 902 2167; x_wconf 86' lang='lat' dir='ltr'><strong>dormiunt</strong></span> <span class='ocrx_word' id='word_1_298' title='bbox 929 2117 1028 2166; x_wconf 83' lang='lat' dir='ltr'><strong>sine</strong></span> <span class='ocrx_word' id='word_1_299' title='bbox 1048 2118 1220 2181; x_wconf 86' lang='lat' dir='ltr'><strong>vigile,</strong></span> <span class='ocrx_word' id='word_1_300' title='bbox 1243 2120 1294 2168; x_wconf 73' lang='grc' dir='ltr'><strong>ὅ(</strong></span> <span class='ocrx_word' id='word_1_301' title='bbox 1313 2132 1377 2165; x_wconf 88' lang='lat' dir='ltr'><strong>ne</strong></span> <span class='ocrx_word' id='word_1_302' title='bbox 1408 2116 1523 2166; x_wconf 80' lang='lat' dir='ltr'><strong>huic</strong></span> <span class='ocrx_word' id='word_1_303' title='bbox 1544 2116 1698 2180; x_wconf 87' lang='lat' dir='ltr'><strong>sopor</strong></span> <span class='ocrx_word' id='word_1_304' title='bbox 1725 2117 1786 2164; x_wconf 87' lang='lat' dir='ltr'><strong>ir-</strong></span> 
     </span>
     <span class='ocr_line' id='line_1_33' title="bbox 36 2177 1783 2246; baseline -0.001 -18"><span class='ocrx_word' id='word_1_305' title='bbox 36 2193 200 2245; x_wconf 89' lang='lat' dir='ltr'><strong>repat,</strong></span> <span class='ocrx_word' id='word_1_306' title='bbox 227 2196 332 2229; x_wconf 89' lang='lat' dir='ltr'><strong>uno</strong></span> <span class='ocrx_word' id='word_1_307' title='bbox 363 2177 453 2229; x_wconf 90' lang='lat' dir='ltr'><strong>stat</strong></span> <span class='ocrx_word' id='word_1_308' title='bbox 475 2181 628 2245; x_wconf 83' lang='lat' dir='ltr'><strong>pede,</strong></span> <span class='ocrx_word' id='word_1_309' title='bbox 652 2183 877 2246; x_wconf 86' lang='lat' dir='ltr'><strong>lapillum</strong></span> <span class='ocrx_word' id='word_1_310' title='bbox 905 2182 1064 2230; x_wconf 88' lang='lat' dir='ltr'><strong>altero</strong></span> <span class='ocrx_word' id='word_1_311' title='bbox 1094 2177 1276 2244; x_wconf 90' lang='lat' dir='ltr'><strong>gestat,</strong></span> <span class='ocrx_word' id='word_1_312' title='bbox 1297 2193 1351 2229; x_wconf 92' lang='lat' dir='ltr'><strong>ut</strong></span> <span class='ocrx_word' id='word_1_313' title='bbox 1376 2180 1595 2229; x_wconf 89' lang='lat' dir='ltr'><strong>cadentis</strong></span> <span class='ocrx_word' id='word_1_314' title='bbox 1622 2179 1752 2228; x_wconf 91' lang='lat' dir='ltr'><strong>sono</strong></span> <span class='ocrx_word' id='word_1_315' title='bbox 1769 2211 1783 2232; x_wconf 84' lang='lat'>‚</span> 
     </span>
     <span class='ocr_line' id='line_1_34' title="bbox 36 2240 1783 2309; baseline -0.001 -17"><span class='ocrx_word' id='word_1_316' title='bbox 36 2249 87 2297; x_wconf 85' lang='lat'><strong>&amp;·</strong></span> <span class='ocrx_word' id='word_1_317' title='bbox 102 2241 300 2309; x_wconf 89' lang='lat' dir='ltr'><strong>strepitu</strong></span> <span class='ocrx_word' id='word_1_318' title='bbox 321 2247 557 2292; x_wconf 86' lang='lat' dir='ltr'><strong>excitetur</strong></span> <span class='ocrx_word' id='word_1_319' title='bbox 572 2263 581 2292; x_wconf 92' lang='lat'>:</span> <span class='ocrx_word' id='word_1_320' title='bbox 597 2247 838 2294; x_wconf 89' lang='lat' dir='ltr'><strong>Montem</strong></span> <span class='ocrx_word' id='word_1_321' title='bbox 853 2248 1080 2294; x_wconf 88' lang='lat' dir='ltr'><strong>Taurum</strong></span> <span class='ocrx_word' id='word_1_322' title='bbox 1102 2240 1570 2308; x_wconf 81' lang='lat' dir='ltr'><strong>superaturae,rostra</strong></span> <span class='ocrx_word' id='word_1_323' title='bbox 1584 2243 1783 2292; x_wconf 91' lang='lat' dir='ltr'><strong>calculis</strong></span> 
     </span>
    </p>

    <p class='ocr_par' dir='ltr' id='par_1_4' title="bbox 0 2307 1777 2374">
     <span class='ocr_line' id='line_1_35' title="bbox 0 2307 1777 2374; baseline -0.004 -16"><span class='ocrx_word' id='word_1_324' title='bbox 0 2344 1 2351; x_wconf 22' lang='grc' dir='ltr'><strong>κ</strong></span> <span class='ocrx_word' id='word_1_325' title='bbox 36 2320 259 2374; x_wconf 75' lang='lat' dir='ltr'><strong>gravant,</strong></span> <span class='ocrx_word' id='word_1_326' title='bbox 273 2323 334 2355; x_wconf 91' lang='lat' dir='ltr'><strong>ne</strong></span> <span class='ocrx_word' id='word_1_327' title='bbox 349 2310 526 2356; x_wconf 88' lang='lat' dir='ltr'><strong>innato</strong></span> <span class='ocrx_word' id='word_1_328' title='bbox 543 2309 855 2371; x_wconf 83' lang='lat' dir='ltr'><strong>loquacitatis</strong></span> <span class='ocrx_word' id='word_1_329' title='bbox 877 2310 1002 2357; x_wconf 92' lang='lat' dir='ltr'><strong>vitio</strong></span> <span class='ocrx_word' id='word_1_330' title='bbox 1022 2308 1066 2356; x_wconf 93' lang='lat' dir='ltr'><strong>se</strong></span> <span class='ocrx_word' id='word_1_331' title='bbox 1084 2309 1339 2370; x_wconf 89' lang='lat' dir='ltr'><strong>seAquilis</strong></span> <span class='ocrx_word' id='word_1_332' title='bbox 1359 2307 1578 2372; x_wconf 88' lang='lat' dir='ltr'><strong>prodant</strong></span> <span class='ocrx_word' id='word_1_333' title='bbox 1598 2310 1777 2356; x_wconf 84' lang='lat' dir='ltr'><strong>invitae.</strong></span> 
     </span>
    </p>

    <p class='ocr_par' dir='ltr' id='par_1_5' title="bbox 0 2365 1777 2436">
     <span class='ocr_line' id='line_1_36' title="bbox 38 2368 1777 2436; baseline -0.004 -15.15"><span class='ocrx_word' id='word_1_334' title='bbox 38 2375 228 2425; x_wconf 84' lang='lat' dir='ltr'><strong>Boves,</strong></span> <span class='ocrx_word' id='word_1_335' title='bbox 255 2369 288 2419; x_wconf 87' lang='lat' dir='ltr'><strong>si</strong></span> <span class='ocrx_word' id='word_1_336' title='bbox 317 2368 449 2420; x_wconf 80' lang='lat' dir='ltr'><strong>forte</strong></span> <span class='ocrx_word' id='word_1_337' title='bbox 468 2372 766 2422; x_wconf 87' lang='lat' dir='ltr'><strong>invadantur</strong></span> <span class='ocrx_word' id='word_1_338' title='bbox 790 2371 818 2422; x_wconf 78' lang='grc' dir='ltr'>ὲ</span> <span class='ocrx_word' id='word_1_339' title='bbox 840 2372 966 2425; x_wconf 89' lang='lat' dir='ltr'><strong>fera,</strong></span> <span class='ocrx_word' id='word_1_340' title='bbox 989 2387 1111 2422; x_wconf 86' lang='lat' dir='ltr'><strong>mox</strong></span> <span class='ocrx_word' id='word_1_341' title='bbox 1129 2373 1179 2420; x_wconf 91' lang='lat' dir='ltr'><strong>in</strong></span> <span class='ocrx_word' id='word_1_342' title='bbox 1198 2371 1380 2420; x_wconf 87' lang='lat' dir='ltr'><strong>orbem</strong></span> <span class='ocrx_word' id='word_1_343' title='bbox 1403 2372 1448 2421; x_wconf 91' lang='lat' dir='ltr'><strong>se</strong></span> <span class='ocrx_word' id='word_1_344' title='bbox 1477 2372 1777 2436; x_wconf 81' lang='lat' dir='ltr'><strong>glomerant,</strong></span> 
     </span>
    </p>

    <p class='ocr_par' dir='ltr' id='par_1_6' title="bbox 0 2429 1779 2498">
     <span class='ocr_line' id='line_1_37' title="bbox 0 2429 1779 2498; baseline -0.002 -14"><span class='ocrx_word' id='word_1_345' title='bbox 0 2444 2 2495; x_wconf 64' lang='grc' dir='ltr'><em>ζ</em></span> <span class='ocrx_word' id='word_1_346' title='bbox 41 2439 88 2488; x_wconf 87' lang='lat'>&amp;</span> <span class='ocrx_word' id='word_1_347' title='bbox 106 2449 322 2487; x_wconf 85' lang='lat' dir='ltr'><strong>cornua,</strong></span> <span class='ocrx_word' id='word_1_348' title='bbox 349 2433 578 2485; x_wconf 88' lang='lat' dir='ltr'><strong>adinstar</strong></span> <span class='ocrx_word' id='word_1_349' title='bbox 600 2436 739 2491; x_wconf 91' lang='lat' dir='ltr'><strong>valli,</strong></span> <span class='ocrx_word' id='word_1_350' title='bbox 763 2438 967 2485; x_wconf 88' lang='lat' dir='ltr'><strong>irruenti</strong></span> <span class='ocrx_word' id='word_1_351' title='bbox 993 2436 1290 2486; x_wconf 86' lang='lat' dir='ltr'><strong>obvertunt:</strong></span> <span class='ocrx_word' id='word_1_352' title='bbox 1328 2450 1578 2498; x_wconf 84' lang='lat' dir='ltr'><strong>equorum</strong></span> <span class='ocrx_word' id='word_1_353' title='bbox 1601 2429 1779 2482; x_wconf 61' lang='lat' dir='ltr'><strong>contra</strong></span> 
     </span>
    </p>

    <p class='ocr_par' dir='ltr' id='par_1_7' title="bbox 0 2494 1777 2565">
     <span class='ocr_line' id='line_1_38' title="bbox 0 2494 1777 2565; baseline -0.004 -17"><span class='ocrx_word' id='word_1_354' title='bbox 0 2502 4 2560; x_wconf 60' lang='grc' dir='ltr'><strong>’ς</strong></span> <span class='ocrx_word' id='word_1_355' title='bbox 43 2514 233 2564; x_wconf 86' lang='lat' dir='ltr'><strong>greges,</strong></span> <span class='ocrx_word' id='word_1_356' title='bbox 255 2498 374 2548; x_wconf 76' lang='lat' dir='ltr'><strong>cum</strong></span> <span class='ocrx_word' id='word_1_357' title='bbox 409 2498 579 2548; x_wconf 87' lang='lat' dir='ltr'><strong>fronte</strong></span> <span class='ocrx_word' id='word_1_358' title='bbox 607 2499 652 2548; x_wconf 91' lang='lat' dir='ltr'><strong>se</strong></span> <span class='ocrx_word' id='word_1_359' title='bbox 683 2500 931 2549; x_wconf 91' lang='lat' dir='ltr'><strong>invalidos</strong></span> <span class='ocrx_word' id='word_1_360' title='bbox 961 2499 1195 2555; x_wconf 89' lang='lat' dir='ltr'><strong>noscant,</strong></span> <span class='ocrx_word' id='word_1_361' title='bbox 1217 2503 1266 2550; x_wconf 68' lang='grc' dir='ltr'><strong>ὃς</strong></span> <span class='ocrx_word' id='word_1_362' title='bbox 1296 2499 1379 2562; x_wconf 79' lang='lat' dir='ltr'><strong>ipsi</strong></span> <span class='ocrx_word' id='word_1_363' title='bbox 1402 2503 1452 2550; x_wconf 90' lang='lat' dir='ltr'><strong>in</strong></span> <span class='ocrx_word' id='word_1_364' title='bbox 1485 2499 1697 2565; x_wconf 87' lang='lat' dir='ltr'><strong>globum</strong></span> <span class='ocrx_word' id='word_1_365' title='bbox 1730 2494 1777 2542; x_wconf 90' lang='lat' dir='ltr'><strong>se</strong></span> 
     </span>
    </p>

    <p class='ocr_par' dir='ltr' id='par_1_8' title="bbox 2 2558 1778 2633">
     <span class='ocr_line' id='line_1_39' title="bbox 2 2558 1778 2633; baseline -0.005 -18"><span class='ocrx_word' id='word_1_366' title='bbox 2 2582 5 2633; x_wconf 40' lang='grc' dir='ltr'><strong>ς,</strong></span> <span class='ocrx_word' id='word_1_367' title='bbox 43 2565 282 2629; x_wconf 84' lang='lat' dir='ltr'><strong>colligunt</strong></span> <span class='ocrx_word' id='word_1_368' title='bbox 300 2595 314 2619; x_wconf 89' lang='lat'>‚</span> <span class='ocrx_word' id='word_1_369' title='bbox 343 2562 426 2614; x_wconf 89' lang='lat' dir='ltr'><strong>sed</strong></span> <span class='ocrx_word' id='word_1_370' title='bbox 450 2562 666 2615; x_wconf 87' lang='lat' dir='ltr'><strong>calcibus</strong></span> <span class='ocrx_word' id='word_1_371' title='bbox 696 2566 748 2616; x_wconf 90' lang='lat' dir='ltr'><strong>in</strong></span> <span class='ocrx_word' id='word_1_372' title='bbox 775 2559 979 2615; x_wconf 87' lang='lat' dir='ltr'><strong>hostem</strong></span> <span class='ocrx_word' id='word_1_373' title='bbox 1008 2563 1168 2615; x_wconf 85' lang='lat' dir='ltr'><strong>verfis.</strong></span> <span class='ocrx_word' id='word_1_374' title='bbox 1265 2565 1402 2617; x_wconf 82' lang='lat' dir='ltr'><strong>Sileo</strong></span> <span class='ocrx_word' id='word_1_375' title='bbox 1432 2564 1651 2614; x_wconf 82' lang='lat' dir='ltr'><strong>sexcenta</strong></span> <span class='ocrx_word' id='word_1_376' title='bbox 1684 2558 1778 2607; x_wconf 83' lang='lat' dir='ltr'><strong>alia</strong></span> 
     </span>
    </p>
   </div>
   <div class='ocr_carea' id='block_1_3' title="bbox 884 2625 1719 2695">
    <p class='ocr_par' dir='ltr' id='par_1_9' title="bbox 884 2625 1719 2695">
     <span class='ocr_line' id='line_1_40' title="bbox 884 2625 1719 2695; baseline -0.01 -14"><span class='ocrx_word' id='word_1_377' title='bbox 884 2627 998 2695; x_wconf 70' lang='lat' dir='ltr'>Q</span> <span class='ocrx_word' id='word_1_378' title='bbox 1600 2625 1719 2676; x_wconf 81' lang='lat' dir='ltr'><strong>Pru-</strong></span> 
     </span>
    </p>
   </div>
  </div>
 </body>
</html>
