2175 2911
368 102 461 147 130
913 90 1150 140 Academia
1181 91 1432 137 Brutorum.

161 190 193 239 f
300 185 521 236 domum
540 185 781 237 reducere
799 185 850 235 in
862 186 1022 236 Insula
1032 185 1182 236 Chiu.
1249 184 1384 234 Sileo
1397 182 1634 234 Psittacos
1657 182 1891 235 humanae
1909 190 2049 240 vocis

55 253 209 303 Nicol.
223 255 274 301 de
297 250 536 305 ae'mulos;
569 251 705 301 Pieas
720 283 733 305 ,
754 250 817 299 de
836 249 1015 314 quibus
1037 248 1238 298 sufficiat
1260 247 1381 296 illud
1402 248 1599 297 Poetae:
1657 263 1690 312 g

32 317 257 383 „Nicolais
617 317 726 362 Pica
753 315 911 381 loquqx
926 312 1042 360 certa
1065 314 1298 360 Dominum
1322 323 1365 356 te
1381 327 1484 356 voce
1496 312 1664 368 fizluto:

52 380 86 428 l.
102 394 145 425 2.
166 396 242 427 na-
712 380 756 424 Si
777 393 844 424 me
869 393 946 423 non
965 377 1123 426 videas,
1142 372 1212 433 effi’
1232 373 1403 432 negabis
1428 390 1569 421 avem.

53 445 146 503 vig.
169 446 254 490 ori-
294 443 451 489 MEL:
518 436 709 491 Frustra
745 440 916 504 fatigas
949 440 1206 503 ingenium
1229 471 1241 490 ,
1268 436 1300 485 fi
1329 433 1467 485 hisce
1500 439 1846 503 experimentis
1873 471 1886 492 ,
1915 440 2052 503 inge-

53 517 142 554 ent.
167 524 203 555 c.
222 510 266 558 8.
294 506 438 554 nium
458 505 616 554 Brutis
640 502 732 553 effe
757 504 1047 553 contendas.
1102 501 1326 553 Discunt,
1341 499 1420 549 sed
1445 513 1497 549 ut
1519 514 1768 557 amentes,
1790 501 1891 550 fine
1912 518 2051 550 men-

148 585 180 635 g
296 579 370 616 tet
409 581 704 634 operantur,
729 567 808 617 led
834 567 969 617 velut
988 566 1223 615 infantes,
1248 579 1355 611 non
1381 578 1437 611 ex
1457 566 1688 628 ingenio,
1709 565 1790 613 sed
1818 580 1875 613 ex
1898 564 2052 630 phan-

50 633 260 682 Martial.
297 628 474 681 'tastico
492 636 671 696 genio:
708 629 1102 696 apprehendunt,
1125 643 1233 676 non
1254 626 1525 682 dijudicant
1545 627 1854 677 doctrinam:
1877 641 2046 692 agunt,

52 696 269 758 inXem'js.
296 711 407 745 non
429 696 571 758 quod
593 695 763 747 sciunt,
787 693 866 742 sed
888 693 949 742 ad
969 692 1108 756 quod
1129 707 1212 756 per
1237 689 1575 754 phantasmata
1598 695 1780 756 poenis,
1801 686 2050 755 proeinii's-

295 775 359 809 ve
388 758 638 823 impressa,
666 762 716 808 ὃς
739 758 825 807 suo
851 772 985 805 nunc
1008 755 1186 803 ordine
1206 756 1428 807 excitata,
1453 754 1864 803 determinantur.
1934 754 2051 816 Age

296 825 460 891 ming,
490 821 523 870 fi
552 824 711 871 Brutis
744 819 992 876 ejusmodi
1023 814 1366 882 Magisterium
1396 815 1623 865 adstruis:
1679 834 1767 865 cur
1794 832 1950 880 equus
1984 816 2047 865 acl

290 883 565 935 numerum
586 885 752 934 saltare
773 884 1087 936 doetus,non
1118 884 1269 930 etiam
1296 880 1530 928 hinnulos
1554 877 1772 928 insti-uit?
1809 883 2050 944 capacitas

292 951 440 1013 igitur
460 945 544 997 ista
563 964 671 996 non
684 950 843 1011 arguit
862 945 1145 996 discursum,
1165 942 1245 990 sed
1266 945 1533 1004 acquiritur
1560 945 1741 991 virtute
1763 946 2046 995 memoriae,

288 1027 378 1077 per
400 1013 777 1060 connexionem
798 1006 1196 1071 phantasmatum
1211 1038 1224 1053 ‚
1250 1005 1701 1067 repraesentantium
1721 1006 1941 1053 actiones
1965 1021 2047 1054 va-

288 1079 407 1128 rias,
433 1074 513 1123 vel
540 1085 792 1121 connexas
821 1083 940 1115 cum
972 1065 1175 1120 objecto
1207 1066 1457 1121 jucundo,
1482 1080 1589 1126 quo
1618 1068 1890 1114 invitantur
1914 1101 1927 1117 ,
1965 1068 2044 1115 vel

289 1153 410 1186 cum
436 1131 787 1195 molesto,quo
807 1128 1188 1178 conturbantur.
1228 1127 1388 1190 Qod
1409 1130 1742 1176 animantium
1761 1130 1935 1193 aliqua:
1954 1129 2047 1178 fint

294 1202 481 1248 caeteris
514 1198 812 1246 saffaciores,
852 1208 909 1240 ex
949 1191 1190 1239 nobiliori
1230 1195 1411 1241 virtute
1450 1189 1754 1255 phantastica
1783 1189 2052 1256 provenire

289 1234 605 1325 Philosophi}
631 1255 699 1307 est
720 1251 1060 1306 manifestum.

420 1324 617 1375 LEUC:
689 1320 852 1385 Qod
887 1317 921 1367 si
952 1320 1077 1366 mira
1113 1315 1373 1381 disciplina:
1405 1319 1647 1381 capacitas
1671 1320 1720 1366 in
1743 1318 1903 1367 Brutis
1936 1335 2045 1369 non

289 1390 451 1454 arguit
485 1387 763 1437 rationem,
787 1393 960 1446 arguet
991 1379 1195 1429 forsitan
1218 1380 1415 1433 Ethiea,
1440 1381 1578 1436 eujus
1603 1383 1682 1430 vel
1705 1383 1755 1430 in
1783 1383 2046 1432 virtutibus

291 1453 589 1503 observatae,
613 1448 693 1497 vel
714 1448 765 1494 in
784 1446 908 1502 vitiis
935 1443 1166 1508 neglectae
1190 1444 1454 1509 specimina
1470 1477 1483 1496 ,
1507 1442 1647 1508 aeque
1671 1461 1727 1494 ac
1753 1448 1804 1494 in
1825 1444 2047 1494 homini-

292 1514 384 1564 bus
398 1547 411 1567 ,
432 1510 605 1578 passim
628 1506 841 1560 historiae
865 1507 1103 1556 referunt.
1171 1506 1377 1567 Superbia
1395 1507 1612 1572 estypon
1628 1509 1731 1563 jure
1751 1509 1936 1557 dixisses
1952 1510 2047 1558 Bu-

289 1577 585 1642 cephalum,
610 1576 694 1638 qui
714 1572 852 1637 regiis
873 1570 1094 1620 tumidus
1119 1569 1324 1634 phaleris
1348 1586 1454 1618 non
1479 1571 1564 1619 nili
1585 1572 1951 1627 Alexandrum,
1972 1572 2046 1622 his

289 1641 523 1705 spoliatus
545 1640 775 1702 quemvis
798 1635 1057 1684 admiserat
1087 1631 1114 1682 ὲ
1136 1630 1330 1683 stabulo
1361 1634 1615 1683 calonem.
1714 1637 1855 1683 Pavo
1883 1636 2043 1700 super-

289 1704 381 1754 biae
413 1702 704 1768 symbolum
729 1733 742 1753 ,
775 1714 903 1764 pene
933 1696 1131 1746 exhibet
1157 1698 1368 1746 Coelum
1394 1730 1406 1751 ,
1430 1698 1552 1745 dum
1583 1696 1628 1746 se
1655 1698 1847 1747 evolvit
1873 1701 1924 1747 in
1956 1714 2041 1763 gy-

288 1782 404 1817 rum
419 1800 432 1822 ,
451 1781 545 1815 nec
567 1763 668 1813 fine
691 1775 895 1812 tumore
909 1795 922 1815 ,
943 1761 1143 1809 oculata
1162 1761 1331 1809 caudae
1351 1757 1602 1808 ostentans
1627 1762 1861 1824 syrmata,
1888 1764 2042 1811 etiam

285 1827 471 1880 Itidem
501 1838 855 1878 contemneret
877 1857 889 1877 ,
919 1823 1003 1872 nili
1033 1823 1182 1888 pedes
1213 1824 1548 1888 deprimerent
1575 1837 1849 1872 tumorem.
1929 1827 2042 1876 Leo

287 1909 496 1958 quoque
527 1888 710 1941 fastum
745 1884 940 1953 egregie
970 1887 1285 1951 prodit,dum
1318 1883 1546 1935 hesterna
1578 1887 1624 1934 se
1652 1886 1697 1934 se
1729 1885 1893 1951 praeda
1932 1888 2041 1939 refi-

287 1972 426 2011 cere,
452 1953 698 2021 regiaecjue
726 1950 994 2008 Maiestatis
1014 1954 1064 1999 in
1085 1953 1165 1998 via
1195 1951 1442 1998 comitem
1473 1950 1659 1998 habere
1685 1951 1925 2001 solitarius
1957 1952 2042 2002 de.

290 2020 534 2084 dignatur:
636 2017 972 2067 Philomelam
993 2013 1279 2062 ambitionis
1302 2015 1460 2078 arguit
1478 2015 1687 2066 Plinius,
1707 2029 1828 2062 nam
1849 2029 2039 2068 certant

288 2084 415 2132 inter
446 2081 491 2130 se
512 2116 524 2136 ‚
554 2082 755 2154 inquitj,
787 2078 1058 2145 palamque
1096 2072 1165 2124 est.
1194 2078 1417 2127 animosa
1443 2080 1731 2127 contentio:
1770 2078 1897 2129 vieta
1930 2079 2040 2131 finit

288 2158 461 2196 morte
491 2161 598 2193 non
628 2160 741 2193 raro
771 2146 926 2193 vitam
950 2174 963 2196 ,
993 2141 1158 2205 spiritu
1185 2139 1316 2217 prius
1353 2140 1619 2189 deficiente
1641 2174 1654 2194 ,
1681 2140 1836 2204 quam
1868 2156 2031 2193 cantu.
2088 2146 2095 2156 '
2162 2130 2164 2156 ²

289 2209 529 2258 Vindit‘i‘am
556 2206 752 2270 sumpsit
778 2205 986 2270 Elephas
1010 2205 1117 2257 ille,
1142 2219 1226 2267 qui
1250 2221 1277 2253 a
1294 2205 1511 2270 parvulo
1533 2200 1667 2253 fort'e
1695 2206 1858 2269 lapide
1880 2209 2032 2268 impe-

287 2274 420 2326 titus,
448 2267 740 2319 dissimulata
763 2285 868 2318 non
894 2269 1016 2317 nihil
1038 2265 1227 2324 injuria,
1251 2265 1393 2316 brevi
1416 2283 1472 2315 ex
1490 2269 1768 2333 improviso
1788 2269 2031 2317 sublatum

38 2345 153 2407 lips:
182 2354 247 2406 ep,
288 2333 587 2402 proboscide
606 2332 838 2397 lapidem,
860 2331 987 2382 sicin
1005 2334 1144 2396 pueri
1159 2332 1386 2380 frontem
1406 2331 1550 2385 illisit,
1564 2344 1618 2380 ut
1637 2327 1665 2380 ὲ
1687 2327 1890 2393 vestigio
1909 2345 2032 2380 con-

39 2413 96 2458 ad
110 2409 261 2469 Belgas
288 2399 462 2450 ciderit
485 2409 733 2446 mortuus.
817 2395 897 2444 De
918 2395 1121 2445 canibus
1141 2396 1403 2444 memoriae
1424 2395 1682 2460 proditur,
1700 2391 1864 2455 quod,
1887 2408 2029 2442 eom-

38 2484 150 2521 cent.
168 2485 210 2520 1.
286 2460 435 2514 misso
463 2460 525 2510 ad
550 2456 953 2509 Thessalonicam
984 2471 1196 2508 cruento
1227 2459 1422 2523 praelio,
1455 2456 1591 2507 tanta
1613 2456 1744 2506 rabie
1774 2455 1823 2503 in
1859 2453 2028 2508 hostes

36 2547 104 2600 ep.
113 2547 195 2596 44.
284 2527 495 2585 Latinos
516 2521 609 2576 sint
638 2519 945 2578 debacchati,
964 2534 1019 2573 ut
1051 2524 1204 2574 etiam
1229 2521 1493 2589 sepulchris
1521 2518 1755 2572 conditos
1772 2522 2025 2634 I{guerr-int.

1859 2597 1894 2635 0
1932 2598 1963 2641 ιι
