2175 2911
375 150 427 184 21
439 133 470 181 6
1005 137 1151 197 Janm
1184 133 1371 197 Bifrons.

310 227 512 292 sumpto
545 233 868 291 comparatur
897 225 1101 278 DEUS?
1153 237 1281 290 quot
1318 219 1630 289 Augustinos
1659 228 1895 292 reperies,
1924 243 2054 293 quo.

165 313 204 346 1,
310 307 426 340 rum
451 306 510 339 ex
538 304 630 340 ore
658 305 779 338 cum
805 292 1010 340 veritate
1042 288 1186 339 stillat
1219 286 1382 338 isthaec
1424 288 1697 339 confessio:
1739 305 1779 339 1.
1818 291 1916 339 carc)
1946 295 2054 341 mihi

64 355 278 419 l.1.Conf.
310 351 879 426 valent„tempqrumstillae.2
930 367 1059 417 quot
1079 352 1267 404 videbis
1295 352 1545 408 Catones,
1582 368 1626 403 2.
1663 356 1751 417 qui
1777 370 1897 404 cum
1921 355 2054 405 libro

68 444 106 474 c.
122 439 195 470 21.
306 418 494 467 adeunt
514 432 730 473 cutiam,
753 432 817 465 ne
837 418 1081 483 punctum
1104 418 1362 481 temporis,
1383 430 1490 478 quo
1523 419 1661 466 coire
1686 419 1892 467 Senatus
1913 418 2054 475 solet,
2116 469 2134 480 ,

152 503 197 535 2.
302 481 450 531 otiosi
469 481 675 547 perdere
688 484 960 546 cogantur?
979 494 1107 545 quot
1130 480 1415 529 numerabis
1432 479 1769 543 Platones,qui
1790 496 1829 540 3.
1849 497 1958 530 non
1978 485 2050 531 ni-

69 551 261 602 VaLLS.
305 545 366 600 fi,
393 545 591 595 erudito
620 559 678 593 ex
709 545 841 593 libris
864 546 1135 610 pulvinati,
1159 544 1550 592 immoriuntur?
1586 545 1676 592 alia
1705 547 1804 601 jam
1834 546 2054 596 volvitur

67 633 104 663 c.
122 616 165 661 6.
307 621 435 659 aetas,
536 609 744 660 Utinam
764 623 874 657 non
898 609 1066 659 videre
1084 607 1139 656 fit
1162 608 1433 672 plurimos,
1452 609 1537 668 qui
1558 608 1770 672 pretiosa
1786 621 2055 658 momenta

156 691 200 735 3.
307 688 417 723 non
435 673 540 723 utili
565 669 753 726 studio,
775 671 857 720 sed
889 673 1048 721 inutili
1081 673 1192 720 otio
1213 670 1552 719 comburunt!
1589 673 1677 734 qui
1709 671 1859 721 horas
1891 674 2054 737 poeni-

67 738 154 791 IdeU
175 758 211 789 c.
234 754 279 789 2.
305 739 471 786 tentiae
493 732 752 785 destinatas
777 768 789 790 ,
816 735 940 785 dum
971 735 1177 787 lusibus,
1201 737 1251 784 <Se
1275 733 1529 798 symbolijs
1562 734 1761 789 fallunt,
1786 735 2049 785 falluntur!

304 803 396 864 qui
420 801 522 849 dies
552 799 788 863 augendae
813 801 978 863 gratiae
1009 800 1206 848 coelitus
1236 797 1403 851 datos,
1427 811 1628 861 peccata
1664 799 1899 860 augendo
1930 799 2054 847 dum

306 867 548 915 minuunt
572 896 584 917 ,
614 863 914 911 detrimenta
958 875 1142 925 augent
1179 862 1493 909 aeternitatis!
1544 863 1742 908 interim
1785 877 1916 924 quos
1953 863 2054 911 vita

305 923 517 994 prodige
540 926 772 974 nu‘merat
801 942 990 981 annOS,
1011 925 1245 974 inutiliter
1271 924 1567 988 multiplicat
1596 936 1731 972 aetas:
1772 927 1821 974 ὅ(
1854 924 1888 973 si
1912 940 2054 974 mors

307 992 526 1053 denique
563 989 811 1038 subtrahat
842 1002 1038 1053 tempus
1064 1022 1076 1042 ,
1108 987 1377 1051 expensum
1406 989 1662 1035 aeternitati
1688 1020 1700 1039 ,
1735 987 1855 1049 quid
1892 1003 2052 1036 rema-

304 1054 473 1108 nebit,
501 1051 588 1101 nifi
619 1067 742 1115 puer
775 1064 983 1099 centum
1011 1052 1294 1098 annorum?
1340 1064 1494 1110 quem
1519 1052 1710 1096 utinam
1737 1051 1913 1101 DEUS
1942 1065 2054 1100 non

305 1117 516 1167 dividat,
539 1109 837 1178 partemque
858 1125 1016 1176 ponat
1046 1127 1166 1159 cum
1193 1111 1464 1172 hypocritis
1494 1109 1715 1158 infausta:
1748 1115 2050 1162 aeternitatis!

303 1179 503 1229 LEUC:
572 1178 647 1223 Ita
667 1172 760 1221 est:
800 1177 850 1224 ὃς
871 1177 998 1221 inter
1021 1172 1385 1238 Philosophos,
1411 1188 1530 1222 reor
1545 1205 1558 1229 ,
1579 1174 1691 1223 fore
1708 1175 1905 1225 Similio
1925 1175 2053 1226 fimi-

303 1243 372 1290 les
387 1274 400 1296 ,
423 1241 508 1304 qui
531 1237 618 1288 sibi
638 1236 743 1287 hoc
761 1236 1104 1303 Epitaphium.

931 1333 1022 1381 Hic
1040 1334 1161 1395 jacet
1187 1337 1402 1391 Similius,

831 1399 979 1445 Annos
994 1433 1007 1448 ,
1032 1402 1106 1460 qui
1120 1401 1329 1460 plurimos
1356 1402 1502 1453 vixit,

890 1459 1070 1523 Tempus
1095 1463 1198 1509 verb
1223 1465 1437 1523 exiguum.

1097 1530 1228 1574 Nam

712 1591 1063 1649 septuagenarius
1088 1602 1216 1652 prope
1235 1590 1454 1655 postquam
1481 1591 1625 1644 vixit,

978 1657 1194 1714 Septenm's
1221 1657 1357 1702 vixit.

1029 1716 1123 1764 Abi
1144 1717 1311 1769 Viator,

816 1780 880 1830 Et
905 1781 1069 1827 Similio
1093 1798 1143 1827 ne
1171 1784 1276 1827 vive
1295 1780 1527 1840 similiter.-

1003 1844 1134 1892 Vives
1155 1845 1335 1904 mugitis,

981 1910 1030 1954 Si
1047 1911 1173 1955 vives
1192 1908 1361 1956 melizks.

307 1997 404 2047 Sed
425 2012 539 2062 age,
559 1996 593 2047 fi
614 2013 794 2049 verum
819 1997 1058 2055 effatum,
1082 2000 1227 2064 quod
1244 2000 1384 2049 dedit
1408 1999 1592 2050 Thales
1607 2033 1620 2055 ,
1649 1998 1901 2063 quaesitus,
1928 2002 2050 2063 quid

308 2063 359 2109 in
393 2077 561 2109 rerum
593 2064 788 2112 Natura
826 2063 1249 2129 Sapientissimum
1282 2064 1558 2121 judicaret?
1596 2065 1775 2125 Tempus
1806 2067 2046 2129 reposuit:

309 2125 426 2187 quia
447 2126 589 2175 docet,
621 2129 757 2179 eruit,
782 2130 1023 2175 &invenit
1045 2131 1211 2175 omnia.-
1249 2127 1284 2177 fi
1315 2144 1456 2182 vera,
1483 2129 1718 2191 inquam,
1737 2124 1902 2176 isthaec
1931 2144 2047 2191 pro-

307 2188 509 2252 prietas:
547 2202 634 2235 cur
658 2187 779 2253 crgo
799 2191 943 2239 suum
965 2207 1074 2240 non
1096 2190 1253 2240 docet
1274 2192 1519 2257 pretium?
1569 2193 1727 2239 MEL:
1775 2192 1948 2241 Docet
1967 2193 2048 2241 vel

308 2245 556 2302 maximes
591 2250 702 2299 illos
730 2251 972 2319 praeeipue
996 2255 1227 2320 Soph05‚
1251 2258 1336 2318 qui
1371 2271 1478 2304 non
1516 2254 1602 2304 nisi
1637 2270 1756 2304 cum
1773 2253 2049 2316 Phrygibus

311 2313 516 2377 sapiunt.
563 2312 687 2362 Sero
710 2319 898 2380 capitur
924 2321 1237 2382 paradoxum
1258 2320 1408 2368 illud:
1445 2319 1552 2365 nihil
1572 2331 1748 2366 curatur
1777 2319 1928 2367 mimis,
1951 2318 2046 2365 edm

313 2375 437 2430 adest,
453 2377 558 2423 nihil
585 2388 758 2437 optatur
778 2381 925 2438 magis,
940 2383 1033 2428 culm
1055 2382 1181 2436 abest.
1219 2384 1270 2432 Si
1290 2399 1411 2432 cum
1429 2384 1476 2432 S.
1492 2382 1669 2431 Furseo
1685 2379 1856 2428 audire
1882 2382 2045 2442 poffes

314 2439 675 2488 damnatorum
698 2440 902 2506 suspiria,
919 2445 1038 2506 quid
1060 2448 1351 2512 perciperes,
1366 2446 1453 2496 nisi
1473 2445 1711 2508 querelas,
1726 2441 1904 2504 quibus
1923 2455 2047 2493 tem-

313 2504 449 2568 poris
477 2503 842 2568 irreparabilem
866 2505 1102 2562 jacturam
1126 2510 1417 2574 deplorant?
1453 2507 1572 2572 quid
1591 2505 1679 2555 nifi
1700 2517 1848 2560 vota,
1869 2507 2050 2568 quibus

314 2567 397 2617 vel
416 2567 623 2618 unicum
643 2581 974 2621 momentum
994 2570 1170 2625 frustra
1194 2576 1295 2634 jam
1315 2571 1591 2624 licitantur?
1625 2568 1707 2622 sed
1722 2583 1907 2690 nemppe
1921 2602 1935 2623 ‚
1954 2587 2050 2624 cum

300 2665 306 2670 .
1888 2645 1986 2683 urta
