2175 2911
415 127 506 175 192
1017 115 1160 163 Momi
1191 112 1399 169 Fenestra.

350 227 472 264 eum
501 209 804 277 phlegmate.
902 208 1167 274 Ingenium
1198 208 1265 254 illi
1294 205 1619 270 congelatum
1648 206 1890 261 existimes
1909 244 1924 268 ‚
1959 214 2090 267 adeo

352 273 471 327 raro
501 275 602 332 ejus
630 275 836 341 planetae
864 271 1140 322 scintillant.
1208 273 1269 320 Et
1294 265 1409 317 licet
1436 270 1616 321 lacteus
1646 273 1872 324 frontem
1895 275 2093 328 dealbet

354 339 504 389 color
523 370 536 393 ,
572 340 702 387 intus
737 349 907 386 tamen
935 332 1282 398 Aristophanis
1311 333 1532 387 nebulae‚
1562 334 1842 387 Philostrati
1870 339 2093 396 somnia,

351 405 501 452 inane
532 402 812 478 peculium,
833 401 912 450 vix
940 400 1070 448 mica
1091 396 1305 446 ccrcbri,
1328 397 1406 443 vix
1436 409 1576 459 gutta
1597 403 1886 456 memoriae,
1911 403 1993 453 sed
2020 403 2096 453 so-

350 467 398 515 la
429 482 558 532 pene
582 462 830 530 stupiditas
850 461 1137 526 triumphat.
1222 460 1355 507 Hinc
1378 461 1633 522 optimum
1651 464 1718 512 illi
1737 464 2093 530 alexipharma-

349 544 500 584 cum,
532 529 567 579 fi
599 530 728 577 curis
758 527 1000 576 obruatur
1022 557 1034 575 ,
1064 526 1112 572 ὃς
1143 519 1305 576 studiis
1329 554 1341 574 ,
1371 537 1479 584 quae
1512 525 1701 588 pigram
1734 527 1934 592 adipem
1955 545 2090 578 arro.

350 592 499 641 dant:
536 593 598 642 ad
622 593 748 639 iram
777 590 1092 652 frequentem
1113 585 1145 634 si
1169 586 1416 638 concites,
1447 586 1750 639 beneficium
1782 592 1944 640 invito
1974 607 2092 656 prae-

349 652 522 710 stabis;
545 670 663 704 nam
686 653 749 702 fic
769 653 954 718 spiritus
978 653 1029 698 in
1053 651 1236 712 frigore
1256 649 1496 698 animabis
1514 653 1719 715 topiros.
1817 654 2093 708 Caeterum,

349 721 437 782 qui
470 718 810 784 phlegmatico
841 715 1102 763 detentum
1137 713 1180 759 se
1215 713 1413 759 noverit
1446 713 1820 770 Xenodochio,
1853 715 2096 767 somnum

348 784 495 837 vitet,
517 777 736 831 maxime
759 777 1094 827 meridianum
1109 808 1120 828 ,
1144 778 1265 822 viret
1285 774 1676 837 phlebotomias,
1699 778 1814 831 cibi,
1839 780 2095 843 potusque

348 847 582 909 copiam,
607 841 681 893 uti
710 845 759 892 ὃ(
783 844 950 889 otium
981 841 1157 892 evitet,
1187 853 1251 885 ne
1288 839 1527 888 humores
1556 839 1855 890 humoribus
1885 856 2088 908 augeat,

347 904 600 973 pigroque
617 909 670 954 in
694 906 819 954 mari
841 903 1106 966 naufragus
1126 899 1411 950 suffocetur.

477 970 675 1021 LEUC:
743 970 802 1017 In
828 967 939 1015 idea
970 961 1223 1013 delineasti
1245 976 1668 1026 temperamenta,
1689 980 1799 1028 qua:
1825 982 2091 1024 vocamus,

347 1032 586 1099 simplicia
613 1050 623 1079 :
668 1030 750 1079 scd
788 1029 851 1076 de
883 1026 1175 1090 compositis
1207 1029 1291 1093 qui
1327 1025 1639 1089 Philosophis
1669 1028 1866 1076 senius?
1932 1035 2090 1080 MEL:

345 1099 478 1146 Tam
504 1095 649 1149 varii,
671 1090 827 1154 quam
849 1091 983 1137 varia
1003 1084 1166 1150 potest
1188 1088 1281 1132 esse
1309 1087 1516 1133 illorum
1543 1089 1781 1142 mixtura,
1807 1092 1932 1140 volo
1963 1094 2092 1143 dice-

340 1173 411 1212 re,
425 1171 535 1205 non
554 1166 650 1207 tot,
670 1154 795 1215 quin
820 1151 998 1214 plures,
1021 1146 1254 1210 adeoque
1270 1148 1650 1212 propemodum
1670 1150 1864 1201 infiniti.
1933 1157 2086 1206 Hunc

343 1217 651 1268 immensum
672 1214 917 1264 varietatis
940 1214 1210 1261 Oceanum
1240 1226 1400 1260 nemo
1424 1210 1660 1261 haetenus
1695 1215 1962 1265 audacibus
1984 1232 2089 1268 ten-

344 1294 450 1331 tare
477 1281 627 1330 remis
658 1274 728 1326 est
759 1277 934 1326 ausus:
980 1273 1388 1339 compositorum
1430 1273 1551 1339 ergo
1583 1276 1763 1326 indicia
1787 1313 1800 1329 ,
1842 1277 2088 1344 doresque

341 1344 604 1396 anomalas
626 1341 660 1391 fi
689 1341 861 1389 lubeat
887 1339 1245 1390 determinare,
1269 1333 1297 1386 ὲ
1325 1342 1731 1402 temperamentis
1763 1340 2089 1407 simplicibus,

343 1411 462 1472 quia
481 1405 763 1472 prototypis
778 1436 790 1457 ,
813 1401 864 1450 id
886 1400 1258 1465 colligendum:
1296 1397 1365 1448 est
1387 1403 1523 1449 enim
1541 1401 1715 1466 scitum
1737 1400 1764 1453 ὲ
1785 1404 2090 1471 physiogno-

343 1474 477 1520 mica
497 1468 784 1534 Dyphtera,
807 1466 915 1529 quad
937 1477 1109 1510 tantum
1128 1466 1303 1526 quisque
1314 1467 1549 1524 participet
1567 1467 1618 1511 de
1635 1467 1880 1514 humoribus
1892 1469 2085 1529 finguhs,

342 1546 548 1597 quantum
563 1532 803 1592 participat
821 1530 870 1573 de
891 1526 1062 1586 effecflis.
1146 1526 1323 1588 Atque
1345 1539 1400 1576 ut
1418 1527 1595 1576 melius
1618 1529 1767 1578 discas
1788 1532 1991 1580 miscere
2013 1550 2085 1582 ar·

343 1599 402 1645 tis
423 1595 565 1651 hujus
586 1594 785 1642 colores
801 1627 812 1643 ‚
837 1591 1105 1655 depingam
1128 1605 1285 1636 unum
1306 1592 1354 1639 ὅ(
1375 1590 1587 1639 alterum
1610 1593 1845 1657 ectypon,
1867 1595 1929 1643 ad
1946 1597 2084 1652 cujus

341 1673 614 1710 normam,
640 1671 805 1705 novus
829 1653 1061 1719 Apelles,
1084 1654 1347 1701 innumera
1371 1653 1593 1700 variabis.
1682 1656 1769 1703 Ob
1797 1658 1978 1705 oculos
1997 1659 2085 1708 tibi

341 1737 479 1788 pone
504 1736 561 1769 ex
581 1719 886 1769 Paedotrivio
904 1718 1186 1775 Juvenem,
1208 1715 1345 1772 cujus
1374 1715 1595 1763 divinare
1619 1719 1915 1782 temperiem
1930 1752 1943 1773 ‚
1968 1723 2083 1769 taci-

337 1798 415 1834 tus
435 1783 647 1833 intendis
659 1782 856 1846 Augur.
927 1777 1345 1842 Obrutusimplici
1366 1790 1532 1826 totam
1553 1779 1732 1842 lege‚&
1755 1781 1919 1844 relege
1940 1782 2080 1832 fron-

340 1861 474 1902 tem,
502 1843 645 1909 sique
669 1858 815 1910 potes
837 1877 852 1898 ,
883 1842 1083 1891 exhauri
1110 1854 1277 1889 totam
1311 1843 1536 1906 corporis
1566 1843 1933 1905 symmetriam:
1970 1846 2079 1900 fae,

340 1913 506 1961 vultus
524 1909 744 1962 vividus,
767 1907 1015 1956 flammeo
1045 1906 1285 1968 sanguinis
1306 1904 1433 1952 flore
1451 1904 1642 1958 rutilet,
1668 1905 1786 1953 albo
1813 1908 2003 1956 virente
2027 1909 2080 1957 il-

342 1975 638 2023 luminatus:
684 1972 853 2035 capitis
884 1970 1016 2018 culta
1048 1970 1258 2017 caesaries
1280 1999 1294 2022 ,
1321 1969 1448 2015 inter
1470 1970 1669 2031 nigrum
1701 1971 1769 2021 ὃς,
1800 1970 2075 2020 candidum

342 2037 533 2087 media,
560 2034 784 2085 finuosos
808 2032 994 2082 defluat
1020 2034 1070 2081 in
1091 2046 1288 2094 cyrros‚
1312 2030 1600 2079 lascivientis
1628 2031 1846 2080 ludibrio
1860 2032 2077 2096 Zephyri

341 2098 712 2149 eventilandos:
749 2097 1004 2161 fulgurent
1030 2095 1193 2148 oculi,
1214 2097 1261 2144 ὃς
1295 2094 1499 2156 loquaci
1526 2094 1808 2143 mobilitate
1836 2097 2076 2144 versatiles

338 2164 391 2212 in
411 2163 573 2226 capite
607 2161 794 2209 saliant:
829 2161 971 2209 frons
1004 2157 1318 2223 exporreeta,
1347 2160 1396 2207 ὅ(
1420 2155 1586 2205 serena
1617 2156 1662 2205 se
1687 2158 1917 2223 explicet:
1949 2158 2071 2206 rosis

340 2225 470 2274 labia
509 2234 698 2272 certent
718 2255 732 2277 ,
768 2239 825 2271 ac
855 2218 1059 2272 amoene
1093 2220 1400 2272 subrideant3
1457 2218 1696 2282 totusque
1729 2222 1954 2284 corporis
1987 2220 2072 2270 ha·

343 2287 475 2338 bitus
500 2301 593 2335 nec
615 2286 913 2351 pinguedine
942 2296 1161 2350 turgeat,
1186 2299 1281 2332 nec
1306 2295 1478 2332 tamen
1500 2281 1685 2333 ossibus
1712 2283 1892 2332 haereat
1915 2286 2070 2347 graci-

341 2351 425 2406 lis,
446 2351 495 2401 &
522 2348 829 2398 macilentus.
917 2345 1035 2398 Post
1060 2348 1164 2397 haec
1191 2347 1370 2395 indicia
1388 2348 1440 2394 in
1467 2362 1638 2395 mores
1667 2359 1874 2409 quoque
1900 2347 2071 2396 censo.²

338 2428 448 2463 rem
469 2412 682 2462 oculum
704 2411 922 2465 conjice:
959 2411 1064 2464 fac,
1084 2410 1389 2478 resplendeat
1418 2409 1690 2473 benignitas
1716 2422 1939 2459 amoena,
1953 2408 2069 2458 affa-

338 2476 448 2526 bilis
469 2477 681 2526 comitas
697 2486 746 2523 te
759 2509 773 2525 ‚
793 2474 872 2522 vel
891 2475 1121 2527 invitum,
1134 2476 1325 2527 invitet,
1349 2473 1531 2522 oculos
1550 2472 1702 2539 rapiat
1723 2485 1930 2519 morum
1952 2487 2064 2520 can-

340 2540 462 2596 dor,
481 2537 720 2605 generosa
745 2536 937 2588 indoles
951 2570 966 2594 ,
985 2537 1224 2588 omnibus
1249 2539 1402 2591 curis,
1425 2538 1475 2586 ὃς
1495 2532 1864 2584 difficultatibus
1881 2535 2063 2606 major,

1879 2612 1998 2646 emr-
