2175 2911
374 101 393 132 1
408 87 465 142 56
939 76 1157 139 Speculum
1186 71 1427 134 Phyficum.

309 181 438 229 setur
465 176 639 226 calida.
741 173 924 237 Liquet
947 168 1096 220 tertio
1119 203 1134 226 ,
1164 168 1299 218 unde
1330 164 1628 230 quibusdam
1656 159 1904 217 distinctio
1933 167 2064 220 inter
2134 181 2137 199 ²

310 249 772 306 temperamentum
792 239 1051 289 innatum,
1081 237 1131 284 <St
1162 233 1520 282 adventitiunu
1555 247 1676 280 nam
1708 232 1885 281 latiore
1912 248 2063 282 voc-a—

311 305 438 354 bulo
463 338 475 359 ,
505 303 845 353 cholericum‚
875 315 970 364 pro
1004 308 1407 362 temperamento
1438 295 1696 343 cholerico
1734 306 2061 360 acceperunt:

312 370 498 432 quippe
517 365 656 415 sicuti
683 378 879 414 certum
902 359 996 416 est,
1022 361 1257 426 phlegma
1282 360 1451 428 augeri
1473 357 1611 420 posse
1641 361 1694 407 in
1714 357 1957 412 homine,
1975 359 2064 420 qui

313 430 699 495 temperamenti
722 427 1041 493 phlegmatici
1065 439 1173 472 non
1205 418 1384 473 est,1ta
1404 434 1581 484 pariter
1607 418 1676 469 est
1700 422 1896 486 prorsus
1921 423 2066 470 indu·
2138 425 2140 470 ἶ

308 495 527 544 bitatum
540 527 552 547 ,
572 491 772 541 effeaus
795 485 1007 538 minime
1026 501 1213 553 paucos
1232 486 1616 548 temperamenti
1647 484 1967 549 phlegmatici
1989 499 2063 532 re-

311 559 459 623 periri
481 559 529 605 in
549 572 613 604 eo
633 554 770 620 poffe
785 587 798 608 ,
820 555 900 601 cui
923 565 1094 600 tamen
1113 550 1422 597 contrarium
1448 550 1641 596 barura
1662 548 1799 596 dedit
1818 560 2063 612 tempera-

313 633 573 670 mentum:
611 619 859 682 contingit
880 616 957 669 id,
980 616 1058 665 vel
1080 615 1283 666 virtute,
1311 611 1391 660 vel
1419 612 1558 661 vitio,
1591 611 1671 658 vel
1691 610 1718 659 a
1742 611 1889 664 cibo,
1910 611 1986 659 vel
2013 625 2065 658 a-

313 682 387 733 lio
411 699 469 732 ex
495 683 765 732 accidente.
819 676 977 729 Testis
1009 675 1076 726 est
1103 678 1248 724 omni
1271 675 1564 738 exceptione
1586 674 1749 731 major
1772 675 1837 722 D.
1860 674 2064 723 Patriar-

314 747 410 795 cha
441 749 680 810 Ignatius:
735 745 996 808 deceperat
1022 744 1086 795 is,
1108 739 1162 788 ut
1191 741 1257 786 ita
1287 738 1647 802 loquor,iplos
1675 741 1726 785 in
1745 738 1896 786 Orbis
1927 735 2063 787 Urbe

313 812 562 874 Principes
585 808 906 860 Archiatros,
938 807 1022 869 qui
1051 803 1393 869 phlegmaticae
1429 815 1547 848 eum
1579 804 1809 854 Narurae,
1837 800 2062 849 unanimi

315 874 543 927 calculo,
567 869 970 922 condemnarant
989 902 1001 922 ,
1034 868 1152 916 cum
1184 880 1354 915 tamen
1387 862 1504 911 ess'ct
1535 866 1585 911 in
1618 865 1875 912 excellenti
1902 862 2064 927 gradu

313 936 602 984 cholericae:
639 934 803 984 effecit
833 948 1017 996 nempe
1044 933 1094 979 in
1125 931 1214 978 illo
1246 930 1426 980 virtus,
1452 939 1505 975 ut
1535 926 1701 974 insitus
1728 928 1864 975 fibris
1893 926 2063 978 calor,

313 1011 492 1047 contra
519 1001 722 1047 rationis
750 999 1036 1060 imperium,
1062 1009 1169 1040 non
1190 991 1320 1055 prod
1339 1003 1431 1036 ret.
1531 992 1717 1049 hicque
1751 993 1888 1036 enim
1919 984 2066 1036 facile

313 1062 514 1115 dixeris,
537 1077 718 1108 omnes
739 1057 1009 1108 Thebaidis
1040 1056 1257 1105 incolas,
1285 1065 1690 1117 temperamento
1715 1052 1852 1099 fuisse
1877 1052 2068 1098 melan-

311 1124 546 1175 cholico,
572 1121 636 1170 eo
663 1120 806 1183 quod
830 1122 992 1181 longo
1018 1117 1273 1167 exercitio,
1295 1114 1489 1160 lilentio
1515 1117 1563 1163 δε
1583 1115 1852 1166 iolitudmi,
1873 1120 2064 1162 rerum-

310 1201 410 1248 que
439 1185 809 1233 delectabilium
830 1181 1147 1244 contemptui
1166 1174 1443 1228 affuevere3
1461 1192 1581 1226 nam
1602 1193 1689 1242 per
1709 1177 1951 1227 humores
1965 1177 2065 1226 hos

308 1248 540 1295 ascititios
580 1262 689 1294 non
723 1246 1025 1309 extinguitur
1053 1244 1288 1307 primaeva
1317 1240 1615 1302 qualitatum
1647 1244 1909 1305 temperies
1929 1274 1946 1294 ,
1979 1241 2066 1289 led

307 1311 496 1375 sopitur
516 1325 624 1358 non
646 1309 790 1359 nihil,
812 1325 868 1357 ac
891 1309 1091 1371 tegitur,
1109 1308 1157 1355 δε
1181 1304 1382 1360 injecto,
1409 1306 1561 1353 veluti
1581 1302 1812 1369 capistro,
1833 1307 2062 1352 contine-

307 1389 402 1422 tur.
472 1375 655 1435 Liquet
675 1373 892 1434 denique
919 1368 1158 1432 (ψεκτὰ-ὲ
1182 1367 1447 1416 Medicinae
1468 1369 1692 1432 Principe
1713 1369 1912 1416 Galerio
1933 1368 2064 1416 bene

310 1437 373 1485 ad
411 1435 663 1485 calculum
711 1437 937 1483 revocari
966 1447 1158 1481 novem
1188 1431 1521 1478 solummodo
1566 1435 1808 1496 praeci-:ua
1836 1430 2063 1480 hominis

233 1513 241 1521 ·
309 1511 723 1564 temperamenta.
793 1499 1020 1547 Primum
1052 1492 1119 1544 est
1143 1507 1478 1558 temperatum
1493 1526 1511 1545 ,-
1530 1497 1673 1558 quod
1695 1488 1955 1554 alijyujtum,
1977 1495 2061 1544 teu

310 1563 374 1612 ad
394 1564 556 1623 pondus
576 1562 849 1626 appellant,
877 1559 942 1609 eo
966 1557 1111 1622 quod
1133 1559 1343 1620 aequales
1365 1557 1390 1604 a
1412 1559 1729 1624 qualitatibus
1761 1562 1888 1607 vires
1916 1561 2065 1622 parti-

310 1629 441 1691 cipet
464 1659 476 1678 ‚
509 1622 732 1688 iustaque
764 1638 1061 1673 caeterorum
1093 1623 1167 1670 lex
1194 1621 1277 1674 lit,
1311 1637 1367 1669 ac
1398 1623 1598 1683 regma:
1642 1639 1751 1671 non
1784 1634 2064 1685 temperata.

309 1690 420 1738 sunt
442 1690 631 1751 reliqua
653 1688 775 1736 octo
799 1698 1221 1751 temperamenta:
1273 1685 1509 1748 simplicia
1537 1699 1756 1746 quatur-r
1789 1683 2063 1733 comunius

308 1753 408 1811 jam
432 1752 694 1804 cholerici,
718 1752 992 1814 sanguinei,
1014 1749 1360 1814 phlegmatici,
1379 1764 1435 1796 ac
1462 1749 1816 1797 melancholici
1840 1750 2063 1799 nomini-
2098 1802 2104 1807 x

307 1815 399 1864 bus
428 1815 755 1880 appellantur,
781 1816 897 1863 cum
923 1826 1095 1861 tamen
1116 1813 1291 1861 melius
1314 1808 1468 1876 longe
1493 1814 1640 1876 ignei,
1657 1815 1807 1861 aerei,
1825 1818 1988 1873 aquei,
2004 1817 2057 1866 δε

311 1881 455 1926 terrei
476 1878 974 1927 nomenclationibus
998 1875 1129 1925 affici
1149 1876 1406 1929 deberent,
1428 1873 1492 1925 eo
1517 1878 1660 1938 quod
1681 1877 1734 1924 ut
1756 1878 2056 1932 diximus,ab

310 1942 684 1991 elementorum
708 1941 1049 2006 principalius,
1072 1938 1228 2003 quam
1263 1939 1324 1987 ab
1344 1938 1530 1987 humor
1542 1942 1627 1987 u'm
1653 1938 1867 1988 mixtura
1893 1945 2059 1992 orian-

309 2016 416 2052 tur:
456 2004 558 2052 haec
575 2038 587 2058 ,
612 2004 666 2054 iit
685 2006 798 2053 talia
814 2038 826 2059 ‚
848 2007 899 2053 in
928 2005 1071 2052 nullo
1095 2004 1309 2051 homine
1332 1998 1400 2050 est
1420 2006 1648 2067 reperire.
1744 2005 2061 2070 conjugato-

307 2083 427 2117 rum
447 2068 818 2116 innumerabilis
855 2064 924 2116 est
956 2068 1188 2119 variatio,
1216 2081 1324 2128 quae
1348 2078 1518 2114 tamen
1549 2067 1612 2114 ad
1644 2079 1864 2129 quatuor
1892 2071 2058 2133 praeci.

309 2126 409 2195 pue
439 2130 614 2193 specics
646 2145 974 2183 revocantur,
994 2133 1043 2178 in
1065 2129 1243 2192 quibus
1272 2146 1371 2177 una
1403 2130 1608 2191 qualitas
1638 2131 2058 2194 praedominatur,

313 2198 396 2247 ita,
413 2206 464 2242 ut
486 2193 635 2240 altera
658 2192 713 2240 sit
732 2194 1019 2250 coniuncta,-
1037 2196 1086 2241 in
1113 2193 1269 2256 gradu
1289 2193 1570 2241 solumodo
1589 2195 1869 2242 excellenti:
1906 2189 2060 2258 atq'ue

314 2258 433 2309 hinc
466 2256 642 2304 dicitur
675 2268 1132 2320 temperamentum
1163 2255 1422 2304 cholerico
1443 2256 1833 2320 -1anguineum‚
1866 2260 2054 2320 sangui-

312 2337 418 2371 neo
439 2351 459 2358 -
477 2318 789 2367 cholericum
806 2351 817 2372 2
842 2320 926 2367 ubi
948 2321 998 2368 id
1013 2353 1025 2372 ,
1049 2319 1193 2382 quod
1215 2319 1434 2368 secundo
1453 2320 1576 2369 loco
1603 2322 1810 2386 ponitur
1825 2353 1839 2374 ,
1856 2320 2054 2384 praecel-

314 2386 416 2434 lere
434 2383 754 2445 intelligimus
768 2413 779 2432 2
806 2385 853 2430 ὃς
877 2383 1174 2431 indicamu&

440 2447 638 2497 LEUC:
705 2444 793 2515 Aci
814 2456 933 2493 vota
957 2445 1214 2507 prolixius,
1244 2443 1628 2513 temperamenti
1659 2446 1874 2510 estypon
1903 2443 2051 2496 effor-

312 2510 483 2568 masti,
505 2508 649 2580 quod
676 2507 912 2576 equidem
939 2509 1161 2562 Sciemiae
1181 2509 1326 2570 huius
1350 2511 1656 2563 divinatoriae
1677 2510 1931 2582 objectum
1952 2525 2051 2576 ego

1840 2585 1986 2627 mter-

2147 1038 2152 1072 ‘5
