2175 2911
61 2145 275 2206 Diogenes

361 78 420 137 56
965 79 1205 142 Dipbtbem
1218 80 1258 138 ,J
1261 81 1366 127 0⁴:1⁴5.

290 173 478 221 Divina
496 168 844 222 Providentia,
868 182 977 232 quae
1010 174 1103 220 tuis
1127 170 1192 219 sat
1219 169 1460 219 comodis
1497 167 1788 234 providere,
1814 170 1892 217 vel
1913 184 2044 220 caeea

288 235 480 296 nequit,
507 233 586 281 vel
611 234 774 280 renuit
794 233 978 288 invida,
998 235 1078 283 vel
1099 250 1204 282 non
1227 230 1388 298 potest
1408 233 1637 282 invalida.
1717 234 1831 295 Age
1855 247 1941 296 per
1960 249 2043 282 me

290 297 431 350 licet,
452 297 538 346 tibi
564 296 768 361 ipsemet
791 297 1025 361 provide,
1051 297 1082 345 fi
1109 297 1228 359 quid
1253 297 1430 345 melius
1455 297 1581 345 velle
1606 308 1749 361 potes
1767 329 1778 348 ‚
1808 295 1964 359 quam
1992 295 2045 343 il-

291 361 335 407 le
359 361 501 412 velit,
528 362 613 422 qui
635 374 741 407 nou
770 357 931 425 potest
951 375 1058 408 non
1084 360 1320 409 omnibus
1351 359 1477 407 velle
1500 362 1691 424 optima
1725 354 1946 421 optime,
1971 370 2045 406 ut·

290 437 411 488 pote
444 426 681 489 optimus,
787 423 914 473 Illius
931 436 978 471 te
1001 425 1168 471 manui
1194 421 1446 474 subtrahe,
1483 425 1570 484 qui
1592 422 1809 470 renerius
1832 435 1877 467 re
1909 433 2044 469 amat

289 491 433 538 Pater
456 520 469 540 ‚
499 485 658 549 quam
689 486 784 549 ipse
816 484 962 552 poffis
986 520 998 541 ‚
1029 488 1113 548 qui
1148 485 1309 533 utilius
1340 485 1426 532 tibi
1461 485 1698 549 providet
1730 486 2042 535 Promotor‚

289 550 447 614 quam
473 551 568 614 ipse
592 549 722 598 scias.
823 551 874 599 O
903 562 953 598 te
978 550 1209 598 miserum
1226 581 1238 600 ‚
1266 547 1296 595 fi
1319 562 1405 612 per
1437 547 1638 596 adversa
1659 560 1803 612 putas
1831 559 1880 595 te
1906 547 2045 594 mise-

290 616 431 664 rum!
485 609 692 661 didicisti
711 613 943 662 nondum
960 646 973 666 ,
994 612 1134 675 quod
1154 608 1179 659 ὲ
1204 610 1523 676 Philosophia
1543 612 1693 659 etiam
1717 609 1956 661 Ethnicus
1978 609 2048 659 di-

291 678 478 727 dicerat
502 678 609 725 Bias
627 709 639 729 ‚
677 676 801 726 dum
829 676 972 724 dixit:
1039 673 1260 733 Infelicem
1281 690 1398 725 eum,
1423 677 1496 737 qui
1514 672 1820 733 infelicitatem
1843 688 1927 719 non
1954 671 2048 731 fer·

291 755 374 789 ret.
445 735 670 789 Didieisti
695 739 948 793 nondum,
966 739 1106 801 quod
1125 737 1474 787 Anaxarchus:
1501 739 1590 800 qui
1613 751 1677 785 ne
1698 736 1918 785 revelare
1941 734 2050 799 pos-

292 805 360 853 set
385 803 608 856 celanda,
628 804 677 850 in
698 804 997 852 mortarium
1021 801 1274 852 conicCtus
1287 800 1407 849 cum
1428 800 1724 848 tunderetur
1742 832 1756 852 ,
1776 800 1858 846 ille
1870 799 2051 847 ridenti

291 867 484 916 slmilisz
511 867 692 917 tundite,
708 867 884 928 inquit,
905 866 1227 917 Anaxarchum,
1247 865 1391 909 Sidera
1401 864 1505 920 celsa
1510 866 1640 923 petit.
1689 860 2050 924 Utiliusfiquid

293 929 410 979 cffet
426 963 439 982 ‚
460 928 617 992 quam
637 930 764 992 pati,
786 930 980 976 Divino
1005 929 1127 975 Filio
1156 924 1442 989 providiffet
1462 927 1626 978 Pater,
1657 936 1837 990 utpote
1860 921 2052 972 infinite

293 992 495 1043 dilecto.
520 991 765 1039 Patiendo
786 1002 1031 1051 augentur
1051 992 1602 1048 merita‚expunguntur
1623 987 1934 1040 demerita‚&
1954 987 2052 1036 levi

294 1057 458 1121 pretio
479 1063 800 1113 comparatur
814 1049 1069 1098 immensae
1087 1049 1255 1110 gloriae
1275 1048 1492 1109 pondus.
1530 1049 1663 1095 Hinc
1681 1048 1968 1096 fortunatos
1988 1063 2053 1097 ne

293 1130 411 1181 puta
431 1115 721 1177 improbos:
759 1126 879 1158 nam
913 1108 1226 1172 Philosopho
1257 1111 1499 1161 fortunae,
1534 1124 1641 1157 non
1674 1110 1889 1158 suntnisr
1915 1110 2053 1159 bona

292 1183 542 1230 Fortunae‚
565 1174 714 1222 beare
737 1185 1023 1236 nequeunt7
1044 1176 1160 1235 quia
1182 1172 1394 1220 volubili
1418 1172 1812 1236 rotaeimpofita3
1838 1174 1954 1235 quia
1976 1190 2053 1222 ex-

293 1255 451 1294 terna,
467 1242 516 1288 ὅ(
539 1238 705 1287 alieno
729 1236 941 1294 subjecita
966 1236 1198 1284 arbitrio:
1237 1235 1479 1284 felicitatis
1497 1236 1705 1300 limpida
1728 1236 1970 1301 scaturigo
1990 1237 2054 1286 ab

292 1306 470 1355 animo
492 1299 661 1355 stillat,
690 1301 764 1350 tui
786 1315 1004 1364 compos
1031 1298 1064 1347 fi
1099 1297 1212 1350 sias,
1245 1298 1398 1346 habes
1428 1299 1716 1348 felicitatem
1746 1315 2018 1364 perennem
2037 1332 2052 1355 ,

291 1370 408 1431 quia
435 1364 821 1414 inauferibilem.
924 1362 1064 1426 Qid
1089 1361 1256 1409 multis
1277 1364 1291 1409 ἓ
1328 1362 1464 1410 Crux
1486 1363 1778 1411 Elestorum
1798 1360 1866 1410 est
1886 1362 2053 1412 chara-

292 1426 553 1481 &eristicaz
593 1426 715 1491 ergo
748 1426 987 1474 felicium.
1088 1425 1195 1474 Cur
1216 1437 1264 1473 te
1287 1428 1522 1487 torques?
1559 1428 1658 1490 pati
1681 1425 1869 1474 necess'e
1889 1423 2053 1481 est‚ni

292 1491 323 1544 ὲ
343 1492 642 1542 mortalium
662 1490 784 1538 albo
805 1502 855 1537 re
877 1489 995 1536 velis
1019 1488 1348 1552 expunctum:
1385 1488 1564 1538 melius
1598 1487 1721 1554 ergo
1752 1492 1927 1553 pateris
1958 1506 2052 1554 pro

292 1558 493 1606 virtute.
596 1554 701 1602 Pati
722 1550 913 1600 necesse
940 1548 1035 1604 est,
1061 1564 1144 1599 aut
1165 1551 1318 1601 bene,
1343 1564 1427 1600 aut
1461 1549 1620 1601 male:
1660 1555 1824 1600 minus
1851 1555 2054 1617 pateris,

292 1619 328 1669 si
352 1619 481 1667 bene
501 1618 693 1681 pateris,
714 1631 832 1663 nam
852 1616 972 1662 lenit
989 1614 1189 1663 adversa
1207 1616 1386 1664 virtus:
1425 1615 1532 1678 plus
1551 1618 1743 1679 pateris,
1767 1616 1800 1663 fi
1820 1612 1951 1664 male
1972 1632 2055 1679 pa-

295 1683 408 1731 teris
424 1713 435 1734 ‚
459 1695 578 1726 nam
607 1681 788 1727 invitus
808 1679 1004 1726 animus
1023 1674 1107 1725 hic
1128 1689 1278 1742 auget
1293 1676 1540 1725 ’dolorem
1554 1710 1566 1731 ‚
1588 1677 1653 1727 ibi
1674 1693 1885 1742 poenam
1905 1678 2055 1727 dolo-

303 1748 384 1794 ris.
486 1743 591 1791 Pati
611 1743 802 1790 neceffe
822 1737 919 1795 cst,
947 1753 1030 1790 aut
1071 1738 1177 1795 hic,
1207 1753 1292 1788 aut
1318 1742 1413 1789 ibi:
1458 1756 1552 1789 nec
1579 1739 1663 1803 ipsi
1693 1737 1897 1789 Christo
1930 1757 2054 1790 con-

298 1805 485 1857 ceffum
510 1817 639 1858 erat,
660 1807 711 1853 in
730 1817 947 1867 utroque
968 1804 1147 1852 saeculo
1179 1802 1271 1851 effe
1291 1803 1511 1852 beatum.
1557 1803 1690 1853 Vide
1711 1805 1873 1867 igitur,
1896 1802 2053 1866 quam

299 1871 390 1920 sint
408 1869 574 1918 felices
602 1866 686 1917 hic
715 1867 958 1916 infelices:
995 1863 1245 1916 tristantur
1268 1868 1533 1916 modicum
1549 1901 1561 1922 ‚
1586 1879 1900 1915 coronantur
1921 1880 2055 1916 aeter-

303 1934 453 1983 num:
491 1930 671 1981 contra
696 1929 852 1993 quam
878 1929 1096 1978 infelices
1116 1929 1209 1978 sint
1226 1927 1309 1978 hie
1332 1929 1523 1977 felices:
1560 1945 1684 1979 nam
1704 1929 1924 1993 gaudent
1941 1946 2056 1980 mo-

303 1997 500 2047 dicum,
523 1996 804 2043 cruciantur
832 1991 1091 2041 aeternum.
1188 1991 1290 2042 Sed
1308 1993 1524 2056 Sapienti
1547 2008 1728 2059 paucas
1757 1992 1914 2047 abeo,
1939 1996 1989 2044 ὅ(
2018 1992 2055 2042 si

305 2058 478 2122 quaeris
491 2058 750 2110 severine,
818 2055 902 2105 uid
921 2051 950 2104 ὲ
972 2054 1302 2120 Philosophiae
1332 2057 1560 2119 alloquio
1583 2055 1781 2121 Sophus
1803 2055 2054 2106 didiceris?

307 2136 426 2171 cum
449 2119 536 2168 illo
560 2119 793 2185 Philosop
811 2136 867 2169 ιο
890 2134 1107 2184 repone:
1132 2120 1366 2179 praevidere
1386 2121 1575 2180 adverfiz,
1599 2122 1654 2168 Θ·
1674 2122 1768 2166 cum
1785 2121 2052 2171 advenerint,

309 2187 382 2232 illa
403 2180 768 2244 patienterferre.
870 2185 991 2233 Haec
1025 2182 1110 2231 ubi
1143 2182 1287 2236 dixit,
1307 2185 1536 2238 evanuit,
1569 2183 1632 2234 ad
1667 2179 1892 2248 ergastuli
1919 2181 2054 2234 fores

310 2247 446 2299 hunc
467 2242 670 2310 affigens
689 2247 930 2297 Severino
958 2244 1337 2313 Horoseopum.

1564 2429 1974 2526 HORO-
