2175 2911
428 137 481 183 1'8
489 147 515 178 2
1037 123 1218 186 Oedipus
1237 121 1446 185 Phyficus.

355 224 499 278 licet,
519 220 600 273 vel
620 216 740 271 ideo
774 217 985 284 speciosa
1010 251 1023 272 ‚
1059 216 1204 282 quod
1239 216 1460 284 speciosae
1489 216 1684 283 Virgini
1705 231 1763 266 ex
1783 214 1876 267 affe
1899 217 2014 268 effet
2037 221 2115 272 de-

356 298 496 337 vota.
596 287 742 336 Hanc
764 285 845 332 illc
875 283 1034 332 coluit
1056 284 1275 333 Matrem
1299 315 1312 336 ‚
1345 294 1398 330 ut
1423 283 1507 343 qui
1537 284 1786 331 Naturam
1812 314 1825 335 ,
1861 284 2117 333 immitem

357 350 490 400 adeo
511 345 579 399 est
598 360 823 414 expertus
843 348 1156 397 Novercam.
1259 344 1487 399 Accidit,
1518 358 1573 393 ut
1593 360 1769 393 coram
1783 345 1981 395 Divina:
2011 348 2120 396 Ma-

358 416 442 462 tris
463 414 708 478 imagine,
729 409 884 460 filialis
910 409 1132 458 ciusdem
1169 406 1370 457 affectus
1396 409 1448 455 in
1477 406 1583 457 haec
1605 407 1757 458 verba
1779 410 2047 472 quondam
2074 425 2122 458 e-

358 489 642 542 rumperet:
663 478 729 522 En
749 479 767 523 ]
794 471 1327 535 Speciofhfiliumspurium
1347 507 1359 522 ,
1382 473 1483 534 quia
1505 470 1746 524 monstrum.
1815 473 1989 521 Paucis
2011 483 2135 522 νεῖμ’

359 541 431 590 bis
455 537 765 604 paraphrasin
789 534 1025 587 addidere
1049 537 1280 600 lacrymae
1300 568 1313 589 ‚
1349 536 1603 598 energiam
1625 537 1816 599 repetiti
1843 534 2082 598 singultus
2105 553 2115 585 :
2174 573 2175 585 ³

357 601 514 653 audiit
534 602 747 666 benigna
766 602 958 654 Mater,
983 599 1254 662 formaque
1275 597 1444 648 visibili
1474 597 1626 646 solata
1655 595 1724 646 cst
1758 600 1994 646 miserum
2018 599 2119 648 Cli-

357 680 546 716 entem.
617 662 732 714 Imo
748 697 760 719 ,
779 677 833 713 ut
844 665 894 713 in
906 662 1009 729 spes
1032 664 1265 713 meliores
1287 663 1520 726 erigeret,
1546 663 1751 726 copiam
1770 658 1956 710 afflitsto
1971 662 2118 716 fecit,
2171 703 2174 712 ;

356 727 590 779 statueret
608 728 706 794 ipse
723 729 917 782 secum,
954 743 1016 776 an
1041 727 1212 776 mallet
1234 726 1589 775 membrorum
1615 726 1728 777 usu,
1749 723 1904 787 quam
1934 726 2116 788 ingenii
2169 713 2175 783 ἒ

356 795 546 859 pollere
566 794 817 841 acumine.
919 792 1047 840 Non
1068 790 1152 839 diu
1176 788 1334 838 dubio
1354 788 1447 837 effe
1475 790 1635 839 licuit,
1663 787 2115 853 quial’hilosopho:
2168 835 2170 837 ,

356 858 536 906 maluit
558 871 677 904 cum
698 854 875 903 Doffis
896 854 1058 919 sapere
1077 856 1127 901 in
1149 854 1457 902 nosocomio
1473 886 1485 905 ,
1501 850 1655 914 quam
1670 867 1787 900 cum
1810 851 2023 901 indostis
2037 867 2118 901 ve-

353 932 495 984 getus
519 920 686 968 vivere
724 918 775 966 in
804 916 1186 980 morotrophio.
1258 915 1465 964 Didium
1490 947 1503 971 ,
1528 915 1716 963 fastum
1739 931 1750 961 z
1775 914 1838 962 ad
1861 915 2118 964 Palladem
2168 916 2171 927 ⁴

354 981 599 1034 reversus,
619 982 766 1028 aliam
795 982 985 1027 invenit
1009 1011 1022 1031 ‚
1049 980 1200 1027 &illa
1224 979 1396 1024 alium.
1498 980 1639 1026 Nam
1663 974 1922 1039 obstupuit
1962 989 2118 1026 meta-

352 1042 669 1108 morphosin,
685 1040 805 1088 cum
824 1037 1112 1099 vidit,quod
1132 1055 1189 1085 ex
1201 1039 1369 1100 priore
1379 1050 1562 1085 trunco
1582 1050 1685 1084 tam
1697 1037 1799 1086 cito
1814 1041 2113 1088 Mercurius:
2166 1049 2167 1074 ³

354 1105 614 1157 Thersiten
630 1104 820 1167 putavit
842 1133 856 1153 ,
889 1101 1143 1150 &invenit
1155 1097 1362 1163 Vlyssen
1389 1131 1402 1152 ‚
1428 1102 1515 1160 qui
1538 1102 1587 1147 in
1609 1098 1981 1149 difficultatibus
1995 1102 2120 1151 sum-
2164 1155 2166 1158 ,

353 1173 448 1219 mis
478 1167 682 1216 nesciret
713 1162 1062 1212 difficultatem
1100 1179 1113 1213 5
1145 1164 1231 1224 qui
1257 1159 1588 1226 Philosophiae
1615 1158 1839 1211 monstra
1863 1166 1912 1213 ὅ(
1939 1165 2118 1214 Hirco-
2162 1188 2166 1214 1

354 1246 532 1281 cervos
553 1242 657 1277 tam
679 1225 795 1274 felix
817 1226 1072 1288 detegeret
1096 1241 1108 1275 3
1139 1227 1220 1273 cui
1241 1223 1362 1273 nihil
1391 1240 1500 1274 non
1522 1225 1698 1274 scitum
1722 1258 1735 1279 ,
1764 1226 2113 1290 quodcunque

355 1294 544 1343 dietum
560 1288 629 1340 est
650 1288 838 1342 scibile3
859 1291 1011 1352 quiin
1025 1288 1247 1337 deformi
1269 1304 1324 1336 ca
1364 1289 1430 1336 ite
1450 1288 1762 1337 scientiarum
1775 1292 2011 1339 omnium
2035 1305 2117 1355 ge·
2159 1288 2162 1306 ¹

353 1355 707 1419 reretcncyclo
746 1353 939 1401 aediam.
1005 1350 1212 1405 Verbo,
1237 1351 1327 1400 obl
1355 1349 1543 1416 upuere
1561 1352 1706 1400 illum
1727 1368 1907 1402 omncs
1929 1385 1943 1406 ,
1979 1356 2118 1403 velut
2158 1384 2159 1415 3

352 1420 542 1485 Ingenij
567 1419 714 1469 moni
740 1431 853 1466 rum
878 1433 888 1463 :
921 1430 1014 1463 nec
1032 1416 1129 1480 ipse
1140 1417 1462 1465 Hermannus
1483 1417 1535 1463 in
1555 1414 1649 1463 sese
1669 1415 1971 1479 agnoscebat
1988 1418 2115 1466 Her·
2156 1422 2159 1464 ἒ

352 1497 635 1534 mannum:
671 1481 788 1531 hinc
802 1477 1027 1536 beneficii
1051 1494 1280 1533 memor,
1320 1491 1375 1527 ut
1396 1479 1656 1543 Sapientiae
1677 1479 1791 1527 Sedi
1811 1479 2119 1544 persolveret

352 1545 603 1599 Minerval
619 1578 632 1599 ‚
664 1547 788 1595 Tres
809 1542 932 1591 odas
943 1543 1086 1595 Salve,
1106 1545 1156 1592 ὅ(
1179 1544 1282 1589 Ave
1307 1543 1474 1600 Regina
1499 1540 1597 1590 una
1621 1556 1740 1591 cum
1764 1541 1960 1605 hymno
1979 1545 2115 1591 Alma
2152 1545 2155 1603 j

353 1614 405 1662 in
429 1609 632 1658 laudem
654 1603 901 1672 Magistrae
925 1606 1213 1670 composuit
1242 1638 1255 1659 ,
1291 1604 1434 1668 quod
1468 1601 1671 1655 coeleste
1707 1607 1870 1654 melos
1895 1608 1947 1654 in
1980 1606 2117 1657 hunc
2152 1647 2153 1664 2

354 1675 491 1724 diem
515 1671 776 1722 Parthenia
789 1670 937 1720 Odea
948 1671 1134 1718 animat
1150 1702 1162 1723 ,
1190 1684 1247 1717 ac
1270 1680 1494 1718 exornat.
1565 1668 1711 1733 Qid
1733 1681 1788 1717 tu
1807 1668 1868 1717 ad
1889 1665 2004 1719 ista?
2151 1672 2153 1677 '

511 1762 708 1816 LEUC:
747 1761 1057 1812 Amatorem
1070 1759 1396 1809 Parthenium
1415 1775 1568 1813 amo3
1602 1757 1889 1811 monstrum
1918 1761 2112 1827 Ingenii

353 1831 607 1881 admiror3
645 1825 908 1889 Oedipum
931 1826 984 1872 in
1012 1820 1179 1873 nostra
1210 1824 1528 1888 Philosophia
1559 1823 1843 1874 redivivum
1874 1840 2112 1875 veneror.
2145 1822 2149 1888 ζ

352 1894 539 1960 Sphinx
561 1886 721 1943 deest,
743 1903 898 1952 quam
917 1900 1087 1935 tamen
1108 1920 1120 1941 ‚
1144 1886 1177 1936 fi
1231 1903 1282 1936 er
1301 1899 1350 1935 te
1375 1887 1491 1935 licet
1510 1919 1524 1941 ,
1545 1889 1673 1936 inter
1695 1884 1921 1938 monstra
1939 1888 2112 1939 Philo·
2144 1931 2146 1938 .

352 1957 553 2024 sophica
582 1953 854 2018 proferam.
922 1952 1048 2000 Sunt
1067 1951 1194 2001 suaP
1212 1949 1373 2014 iysicae
1393 1949 1794 2015 paradoxa,quae
1806 1952 1926 2001 cum
1939 1967 2099 2016 nuper
2144 1954 2145 1994 ζ

353 2014 663 2083 aenigmatica
685 2012 880 2065 cortina
900 2015 1118 2079 legerem
1143 2015 1397 2067 involuta,
1424 2012 1746 2078 desperaffem
1762 2014 1824 2063 de
1843 2016 1942 2065 vita
1955 2018 2100 2078 Tyro
2141 2063 2143 2072 ὲ
2173 2059 2175 2065 ⁴

353 2078 760 2144 Philosophus‚fi
779 2076 959 2126 eadem
974 2077 1270 2146 conditione
1295 2110 1308 2131 ,
1329 2091 1428 2140 qua
1456 2078 1714 2127 Thebanis
1753 2077 1879 2126 olim
1908 2079 2113 2128 viatori·
2140 2107 2142 2109 v
2166 2073 2175 2133 ξ’

354 2147 448 2196 bus
471 2179 485 2198 ‚
519 2144 721 2192 illorum
764 2140 890 2191 mihi
918 2138 1115 2189 stetiffet
1140 2141 1343 2190 solutio·
1443 2142 1504 2190 Et
1523 2144 1638 2205 quia
1663 2138 1952 2206 opportune
1973 2155 2110 2191 nune

355 2209 617 2271 Oedipum
640 2204 789 2254 offers
807 2239 819 2259 ,
842 2219 932 2270 age
948 2220 1126 2270 precor
1148 2204 1273 2254 illius
1286 2206 1613 2271 interpretem
1629 2221 1641 2256 3
1663 2207 1860 2270 placent
1876 2206 2106 2270 aenigma-

355 2285 405 2322 ta
426 2273 569 2322 faeta,
582 2269 847 2334 placebunt
860 2266 1017 2332 magis
1038 2268 1210 2318 soluta.
1249 2270 1389 2315 MEL
1407 2287 1421 2314 .·
1456 2270 1583 2318 Non
1602 2283 1686 2316 me
1700 2268 1851 2318 habes
1863 2270 2074 2318 invitum
2091 2284 2104 2314 τ

392 2353 451 2386 ro
475 2331 683 2383 discursu
695 2346 927 2395 propone
947 2329 1105 2396 magis
1129 2331 1300 2383 selecta
1314 2364 1328 2386 ‚
1349 2346 1459 2396 quae
1479 2334 1645 2382 minus
1663 2332 1976 2399 prolixitatis,
1997 2329 2107 2393 plus

355 2350 542 2451 liabent
562 2393 892 2453 jucunditatis.

511 2490 709 2564 LEUCg
756 2489 957 2553 Percipe
982 2490 1391 2562 Philosophicam
1429 2493 1630 2549 Musam
1657 2526 1672 2551 ,
1699 2487 2024 2559 primumque
2050 2488 2104 2538 in
2157 2445 2175 2537 ει

352 2556 496 2611 Musa
509 2554 734 2624 Sphing1s
745 2555 1024 2606 oraculum.
1962 2616 2034 2670 Est
2102 2587 2104 2590 .
2130 2599 2131 2602 Ἴ
2159 2562 2175 2591 η
