2175 2911
770 112 918 173 ,Janus
945 109 1133 172 Bz‘ftons.
1660 129 1755 177 217

82 200 207 264 fhrto
218 205 367 265 patuit
375 202 528 266 janua,
540 206 635 263 fera
645 203 745 261 fiera
766 204 836 258 esi.
872 207 924 255 Si
939 207 1182 270 temporis
1202 221 1455 271 praecones
1474 208 1525 259 hi
1547 209 1819 275 displicent,

90 267 244 315 alium
271 268 430 317 Gallia
466 264 876 323 subministrabit,
906 268 1234 318 Ludovicum
1258 271 1353 325 XI,
1383 277 1466 334 qui
1495 275 1677 323 ultimo
1704 290 1820 339 pro-

85 327 259 379 stratus
276 331 487 386 morbo,
502 333 862 394 quinquaginta
881 331 1109 394 quotidie
1132 348 1328 386 aureos,
1351 334 1624 386 Archiatro
1653 339 1821 387 aulico

85 396 392 449 numeravit,
416 408 471 443 ut
497 395 578 444 vel
598 410 686 460 per
708 395 804 442 diei
831 394 1041 460 spatium
1065 397 1221 444 vitam
1242 394 1330 443 fibi
1356 398 1693 459 protraheret:
1739 401 1822 451 sed

86 454 286 509 frustras
310 473 429 506 nam
451 473 571 507 cum
595 460 751 506 aureis
773 460 928 508 vitam
952 473 1155 507 auream
1178 459 1407 522 perdidit.
1485 462 1822 526 Purpuratum

87 521 317 569 Fortunae
340 522 537 586 pullum
567 521 704 570 dabit
734 523 863 586 regia
877 522 1051 571 Caroli
1073 523 1259 584 quinti,
1283 524 1368 584 qui
1389 524 1440 570 in
1466 528 1641 573 mortis
1661 527 1821 576 confi-

84 585 199 637 nio,
221 599 314 648 pro
335 597 414 633 tot
433 600 690 634 annorum
709 585 954 648 obsequiis
987 600 1142 634 unam
1166 586 1370 634 unicam
1394 585 1630 636 horulam
1651 587 1816 654 petiit:

85 644 166 708 sed
192 643 396 700 frusttassu
425 664 520 713 pro
543 648 795 713 epitaphio
817 649 1015 711 reliquit
1034 647 1186 697 illud:

104 709 107 711 Δ
366 715 543 760 Damna
564 709 648 769 fleo
668 727 839 762 rerum,
854 711 926 768 sed
943 712 1043 772 plus
1061 709 1146 770 fleo
1166 712 1318 757 damna
1342 713 1531 760 dierum:

367 777 466 821 Rex
477 776 624 833 potuit
644 771 769 818 rebus
785 773 1059 828 succurrere,
1081 791 1199 820 nemo
1226 774 1388 822 diebus.

209 836 408 888 LEUC:
475 837 537 884 Et
555 834 708 889 mihi,
733 848 787 884 ut
808 835 978 891 fatear,
1000 834 1086 886 ista
1105 836 1265 902 figunt
1291 838 1550 889 aculeum:
1586 839 1620 892 fi
1640 843 1691 892 in
1708 843 1819 895 vitae

81 914 208 948 meae
229 900 537 947 memoriam
556 898 712 947 redeo
729 931 742 953 ‚
760 898 882 947 libet
910 900 1210 949 exclamare:

429 965 466 1008 O
494 961 601 1007 mihi
614 965 855 1022 praeteritos
878 962 1042 1022 referat
1053 964 1091 1024 fi
1102 965 1290 1026 Jupiter
1309 970 1469 1014 annos!

81 1023 182 1074 Sed
202 1037 388 1089 nempe
408 1023 513 1074 haec
531 1040 670 1074 nova
697 1028 970 1091 proprietas
986 1044 1006 1084 t,
1851 1033 2067 1084 Ovid.l.6.

620 1091 749 1147 Fugit
771 1089 1055 1136 irrevocabile
1075 1089 1278 1151 Tempus-z
1853 1096 1963 1154 fast.

492 1150 598 1197 Nec
613 1166 698 1213 quae
712 1146 946 1211 praeteriit,
974 1153 1080 1198 hora
1104 1156 1243 1200 redire
1257 1155 1407 1214 potest.

146 1216 302 1262 MEL:
372 1214 576 1267 Fateor,
595 1213 722 1277 fugit
744 1214 1098 1267 irrevocabile,
1119 1231 1228 1264 non
1252 1229 1423 1265 tamen
1442 1216 1569 1283 fugit
1590 1219 1821 1285 irrepara-

82 1277 197 1327 bile.
268 1276 506 1327 Advertit
533 1274 827 1340 Mysterium
856 1274 983 1325 istud
1001 1278 1275 1339 Aquilinos
1294 1280 1596 1330 Sanctorum
1618 1284 1818 1338 oculos,

84 1344 171 1404 qui
185 1342 334 1405 proin
353 1343 507 1391 varias
527 1342 746 1403 tempori
759 1339 1060 1389 redimendo
1077 1339 1597 1393 iudustriasinvenere.
1637 1347 1676 1394 E
1696 1361 1820 1395 con-

84 1405 193 1455 filio
215 1406 283 1453 D.
298 1403 525 1453 Anselmi
546 1414 709 1463 tempus
732 1403 1005 1456 redimimus,
1030 1406 1192 1465 quando
1219 1406 1318 1450 ante
1339 1406 1476 1452 astam
1499 1410 1639 1453 vitam
1655 1441 1669 1462 ‚
1691 1424 1817 1471 quam
1849 1417 1903 1460 In
1917 1412 2031 1473 epist.

85 1469 334 1526 lasciviendo
354 1468 639 1527 perdidimus,
654 1463 1080 1525 flendoffleparamus.
1148 1466 1383 1530 Angelici
1403 1468 1559 1523 suasu,
1584 1472 1703 1517 tanti>
1727 1488 1819 1517 ma·
1849 1477 1901 1522 ad
1915 1477 2024 1537 Eph.

79 1533 146 1591 gis
163 1533 258 1594 quis
280 1529 404 1576 debet
426 1546 584 1576 vacare
607 1528 802 1589 operibus
822 1527 964 1578 bonis,
990 1528 1145 1590 quant&
1166 1531 1293 1589 prius
1312 1529 1467 1583 institit
1489 1533 1630 1579 malis.
1719 1534 1819 1581 Sci-

85 1596 201 1643 licet
223 1592 517 1656 compensat
536 1593 727 1644 fervor‚
747 1591 1010 1656 tepiditatis
1038 1593 1226 1654 ignavae
1248 1608 1541 1659 moras‚nec
1566 1592 1680 1644 raro
1702 1596 1821 1644 facit

86 1673 145 1706 ex
170 1654 447 1705 noviffimis
468 1658 659 1719 primos
674 1687 686 1709 ‚
710 1653 774 1703 sic
795 1654 1118 1703 confirmatos
1136 1657 1185 1703 in
1207 1655 1373 1709 brevi,
1397 1669 1451 1705 ut
1468 1669 1639 1706 tamen
1661 1658 1821 1723 exple-

82 1722 246 1770 verint
266 1730 498 1781 tempora
519 1719 694 1767 multa.
795 1718 1114 1772 Leucothee‚
1137 1719 1395 1768 fervorem
1422 1719 1557 1769 hunc
1587 1721 1819 1784 frequen-

84 1797 159 1832 ter
187 1778 463 1829 exstimulet
491 1781 687 1830 fulmen
717 1781 838 1830 illud
859 1781 1238 1847 Apocalypticae
1258 1783 1484 1845 Aquilae:
1530 1783 1710 1844 Tempus
1737 1801 1817 1831 non
1847 1767 2071 1816 cmm-⁶

85 1850 171 1894 erit
192 1845 385 1903 amplius.
454 1846 787 1894 Renovemus
810 1860 1020 1894 aureum
1046 1846 1168 1894 illud
1183 1846 1521 1910 epiphonema
1545 1846 1818 1910 Chrysolo-

88 1912 163 1973 gi:
200 1910 402 1953 vivamus
425 1910 554 1955 DEO
570 1908 794 1968 paululum
809 1943 821 1959 ‚
861 1911 934 1970 qui
943 1910 1091 1955 Saeculo
1108 1912 1300 1955 viximus
1318 1921 1484 1956 totum:
1519 1910 1707 1956 dedimus
1728 1928 1818 1958 cor·
1846 1899 1936 1946 ser·
1960 1908 2033 1955 32.

83 1974 182 2034 pori
205 1986 383 2022 annum,
403 1972 547 2017 demus
571 1974 717 2018 animae
736 1972 850 2018 dies:
886 1984 1050 2032 tempus
1076 1971 1146 2025 est,
1167 1985 1217 2018 ut
1236 1973 1460 2035 aliquando
1481 1973 1625 2019 domui
1651 1973 1818 2031 (aeter.

86 2032 284 2088 nitatis)
313 2035 629 2092 provideamus.

217 2096 415 2146 LEUC:
483 2098 557 2145 Ita
576 2093 666 2145 est:
696 2110 848 2160 atque
867 2110 923 2146 ut
940 2095 1195 2147 instantius
1216 2098 1590 2163 provideamus,
1605 2100 1666 2149 de
1689 2113 1818 2151 aeter-

89 2163 242 2211 nitate
262 2174 419 2224 pauca
445 2157 660 2207 edissere.
760 2162 1010 2210 Dedimus
1032 2163 1175 2210 suum
1196 2164 1415 2225 tempori
1435 2174 1632 2227 tempus
1647 2198 1659 2218 ‚
1680 2165 1825 2214 suum

90 2238 301 2287 quoque
329 2221 506 2270 demus
528 2224 805 2271 aeternitati:
843 2222 1092 2285 quamvis,
1114 2237 1168 2272 ut
1186 2224 1306 2272 nihil
1331 2226 1509 2277 celem,
1533 2227 1639 2291 ipso
1659 2231 1824 2277 nomi-

92 2290 165 2337 nis
196 2285 423 2351 pondere
443 2285 509 2333 sat
528 2301 612 2333 me
628 2288 869 2335 aeternitas
890 2299 1094 2341 terreat,
1122 2288 1257 2344 juvat
1273 2286 1601 2338 nihilominus
1624 2290 1740 2339 scire
1766 2308 1825 2340 ae-

92 2350 422 2414 nigmaticum
446 2361 683 2413 etymon:
719 2365 840 2397 nam
862 2348 893 2397 fi
914 2348 1046 2398 forte
1066 2367 1202 2399 nunc
1228 2349 1405 2399 melius
1427 2351 1730 2405 sciam,tunc
1753 2354 1823 2401 fe-

93 2413 230 2461 licius
255 2412 462 2460 sentiam
488 2414 828 2461 aeternitatem.
894 2415 1050 2460 MEL:
1116 2415 1306 2463 Sentire
1337 2417 1547 2479 poteris,
1570 2418 1686 2465 scire
1711 2431 1819 2463 non
1845 2457 1881 2502 I
1911 2460 1950 2502 P
1986 2456 2013 2502 6

96 2477 304 2538 poteris,
335 2475 456 2538 quid
477 2474 535 2523 fit
567 2477 830 2524 aeternitas:
878 2478 1021 2539 quia,
1043 2479 1144 2541 quid
1171 2479 1270 2541 quid
1291 2479 1448 2524 dixeris
1467 2511 1479 2533 ,
1502 2474 1820 2541 D.Augusti-
1874 2471 1901 2501 η
1941 2454 1978 2512 fi
2015 2470 2063 2505 0·

100 2551 168 2587 no
187 2540 214 2598 J
218 2538 531 2594 udice‚minus
551 2540 670 2589 dicis.
738 2540 789 2591 Si
810 2540 1298 2656 tamenESophorum
1311 2542 1531 2593 Oracula
1547 2542 1681 2653 jusvlat
1699 2555 1821 2590 con-

1034 2619 1062 2654 e
1599 2620 1628 2652 u
1652 2617 1754 2652 ere:
