<?xml version="1.0" encoding="UTF-8"?>
<!DOCTYPE html PUBLIC "-//W3C//DTD XHTML 1.0 Transitional//EN"
    "http://www.w3.org/TR/xhtml1/DTD/xhtml1-transitional.dtd">
<html xmlns="http://www.w3.org/1999/xhtml" xml:lang="en" lang="en">
 <head>
  <title>
</title>
<meta http-equiv="Content-Type" content="text/html;charset=utf-8" />
  <meta name='ocr-system' content='tesseract 3.04.00' />
  <meta name='ocr-capabilities' content='ocr_page ocr_carea ocr_par ocr_line ocrx_word'/>
</head>
<body>
  <div class='ocr_page' id='page_1' title='image "./nostritemporisph00schw/nostritemporisph00schw_0558.png"; bbox 0 0 2175 2911; ppageno 0'>
   <div class='ocr_carea' id='block_1_1' title="bbox 373 111 1454 175">
    <p class='ocr_par' dir='ltr' id='par_1_1' title="bbox 373 111 1454 175">
     <span class='ocr_line' id='line_1_1' title="bbox 373 111 1454 175; baseline -0.003 -12"><span class='ocrx_word' id='word_1_1' title='bbox 373 134 398 163; x_wconf 81' lang='lat'>2</span> <span class='ocrx_word' id='word_1_2' title='bbox 408 133 463 175; x_wconf 78' lang='lat'>52</span> <span class='ocrx_word' id='word_1_3' title='bbox 904 116 1057 174; x_wconf 79' lang='lat' dir='ltr'>Hydra</span> <span class='ocrx_word' id='word_1_4' title='bbox 1067 111 1195 167; x_wconf 79' lang='lat' dir='ltr'>nostri</span> <span class='ocrx_word' id='word_1_5' title='bbox 1219 111 1454 171; x_wconf 76' lang='lat' dir='ltr'><em>Temporis.</em></span> 
     </span>
    </p>
   </div>
   <div class='ocr_carea' id='block_1_2' title="bbox 303 205 2068 1472">
    <p class='ocr_par' dir='ltr' id='par_1_2' title="bbox 307 205 2066 341">
     <span class='ocr_line' id='line_1_2' title="bbox 308 205 2066 276; baseline -0.003 -15"><span class='ocrx_word' id='word_1_6' title='bbox 308 211 634 276; x_wconf 82' lang='lat' dir='ltr'>Theologicis</span> <span class='ocrx_word' id='word_1_7' title='bbox 658 208 780 260; x_wconf 78' lang='lat' dir='ltr'>scitis</span> <span class='ocrx_word' id='word_1_8' title='bbox 801 206 1116 270; x_wconf 64' lang='lat' dir='ltr'>cohaerean·</span> <span class='ocrx_word' id='word_1_9' title='bbox 1148 206 1364 257; x_wconf 85' lang='lat' dir='ltr'>viderint</span> <span class='ocrx_word' id='word_1_10' title='bbox 1380 205 1452 254; x_wconf 89' lang='lat' dir='ltr'>illi</span> <span class='ocrx_word' id='word_1_11' title='bbox 1474 238 1488 261; x_wconf 87' lang='lat'>‚</span> <span class='ocrx_word' id='word_1_12' title='bbox 1523 205 1587 254; x_wconf 89' lang='lat' dir='ltr'>ad</span> <span class='ocrx_word' id='word_1_13' title='bbox 1607 218 1737 270; x_wconf 91' lang='lat' dir='ltr'>quos</span> <span class='ocrx_word' id='word_1_14' title='bbox 1766 205 1950 257; x_wconf 77' lang='lat' dir='ltr'>merito</span> <span class='ocrx_word' id='word_1_15' title='bbox 1979 222 2066 273; x_wconf 51' lang='lat' dir='ltr'>apz</span> 
     </span>
     <span class='ocr_line' id='line_1_3' title="bbox 307 269 1328 341; baseline -0.005 -18"><span class='ocrx_word' id='word_1_16' title='bbox 307 275 457 341; x_wconf 89' lang='lat' dir='ltr'>pellat</span> <span class='ocrx_word' id='word_1_17' title='bbox 482 276 684 324; x_wconf 89' lang='lat' dir='ltr'>inferius</span> <span class='ocrx_word' id='word_1_18' title='bbox 709 271 1039 336; x_wconf 77' lang='lat' dir='ltr'>Philosophiae</span> <span class='ocrx_word' id='word_1_19' title='bbox 1067 269 1328 321; x_wconf 86' lang='lat' dir='ltr'>Tribunal.</span> 
     </span>
    </p>

    <p class='ocr_par' dir='ltr' id='par_1_3' title="bbox 303 331 2068 1472">
     <span class='ocr_line' id='line_1_4' title="bbox 468 331 2057 395; baseline -0.004 -6"><span class='ocrx_word' id='word_1_20' title='bbox 468 339 667 389; x_wconf 83' lang='lat' dir='ltr'>LEUC:</span> <span class='ocrx_word' id='word_1_21' title='bbox 735 339 851 395; x_wconf 88' lang='lat' dir='ltr'>Jam</span> <span class='ocrx_word' id='word_1_22' title='bbox 881 351 988 386; x_wconf 87' lang='lat' dir='ltr'>non</span> <span class='ocrx_word' id='word_1_23' title='bbox 1018 337 1177 383; x_wconf 90' lang='lat' dir='ltr'>miror</span> <span class='ocrx_word' id='word_1_24' title='bbox 1201 367 1214 388; x_wconf 88' lang='lat'>,</span> <span class='ocrx_word' id='word_1_25' title='bbox 1245 351 1332 383; x_wconf 90' lang='lat' dir='ltr'>cur</span> <span class='ocrx_word' id='word_1_26' title='bbox 1360 331 1573 383; x_wconf 80' lang='lat' dir='ltr'><strong>Ecclesia</strong></span> <span class='ocrx_word' id='word_1_27' title='bbox 1615 332 1808 382; x_wconf 85' lang='lat' dir='ltr'>rursum</span> <span class='ocrx_word' id='word_1_28' title='bbox 1843 345 2057 384; x_wconf 84' lang='lat' dir='ltr'>renovet</span> 
     </span>
     <span class='ocr_line' id='line_1_5' title="bbox 308 396 2066 466; baseline -0.002 -16"><span class='ocrx_word' id='word_1_29' title='bbox 308 417 478 466; x_wconf 85' lang='lat' dir='ltr'><strong>preces</strong></span> <span class='ocrx_word' id='word_1_30' title='bbox 494 435 507 455; x_wconf 94' lang='lat'>,</span> <span class='ocrx_word' id='word_1_31' title='bbox 531 405 579 452; x_wconf 75' lang='grc' dir='ltr'>ὅ(</span> <span class='ocrx_word' id='word_1_32' title='bbox 601 398 887 450; x_wconf 70' lang='lat' dir='ltr'>calidissima</span> <span class='ocrx_word' id='word_1_33' title='bbox 908 432 921 454; x_wconf 86' lang='lat'>,</span> <span class='ocrx_word' id='word_1_34' title='bbox 958 398 1138 463; x_wconf 89' lang='lat' dir='ltr'>quibus</span> <span class='ocrx_word' id='word_1_35' title='bbox 1158 398 1369 460; x_wconf 85' lang='lat' dir='ltr'>Coelum</span> <span class='ocrx_word' id='word_1_36' title='bbox 1382 397 1648 460; x_wconf 86' lang='lat' dir='ltr'>quondam</span> <span class='ocrx_word' id='word_1_37' title='bbox 1661 396 1976 461; x_wconf 80' lang='lat' dir='ltr'>fatigaverat,</span> <span class='ocrx_word' id='word_1_38' title='bbox 1996 397 2066 446; x_wconf 89' lang='lat' dir='ltr'>su-</span> 
     </span>
     <span class='ocr_line' id='line_1_6' title="bbox 307 460 2065 530; baseline -0.003 -16"><span class='ocrx_word' id='word_1_39' title='bbox 307 465 447 530; x_wconf 85' lang='lat' dir='ltr'>spiria</span> <span class='ocrx_word' id='word_1_40' title='bbox 470 477 658 530; x_wconf 83' lang='lat' dir='ltr'>repetat</span> <span class='ocrx_word' id='word_1_41' title='bbox 683 482 694 512; x_wconf 89' lang='lat'>:</span> <span class='ocrx_word' id='word_1_42' title='bbox 729 463 756 509; x_wconf 78' lang='grc' dir='ltr'><em>ὰ</em></span> <span class='ocrx_word' id='word_1_43' title='bbox 775 462 1017 510; x_wconf 74' lang='grc' dir='ltr'><em>Βὶαῖεὲἶὶσα</em></span> <span class='ocrx_word' id='word_1_44' title='bbox 1042 460 1272 522; x_wconf 81' lang='lat' dir='ltr'>Augustini</span> <span class='ocrx_word' id='word_1_45' title='bbox 1290 460 1426 507; x_wconf 77' lang='lat' dir='ltr'>libera</span> <span class='ocrx_word' id='word_1_46' title='bbox 1449 476 1522 506; x_wconf 83' lang='lat' dir='ltr'>nos</span> <span class='ocrx_word' id='word_1_47' title='bbox 1546 463 1750 509; x_wconf 80' lang='lat' dir='ltr'><em>Domine.</em></span> <span class='ocrx_word' id='word_1_48' title='bbox 1797 463 1952 506; x_wconf 86' lang='lat' dir='ltr'><em>MEL:</em></span> <span class='ocrx_word' id='word_1_49' title='bbox 1989 461 2065 509; x_wconf 87' lang='lat' dir='ltr'>Ita</span> 
     </span>
     <span class='ocr_line' id='line_1_7' title="bbox 310 522 2066 590; baseline -0.004 -13"><span class='ocrx_word' id='word_1_50' title='bbox 310 524 407 577; x_wconf 88' lang='lat' dir='ltr'>est:</span> <span class='ocrx_word' id='word_1_51' title='bbox 430 527 658 578; x_wconf 82' lang='lat' dir='ltr'>adoravit</span> <span class='ocrx_word' id='word_1_52' title='bbox 680 525 893 577; x_wconf 78' lang='lat' dir='ltr'>Ecclesia</span> <span class='ocrx_word' id='word_1_53' title='bbox 907 524 1250 590; x_wconf 82' lang='lat' dir='ltr'>Augustinum</span> <span class='ocrx_word' id='word_1_54' title='bbox 1263 523 1596 586; x_wconf 85' lang='lat' dir='ltr'>Theologum</span> <span class='ocrx_word' id='word_1_55' title='bbox 1612 555 1625 577; x_wconf 87' lang='lat'>‚</span> <span class='ocrx_word' id='word_1_56' title='bbox 1650 522 1730 571; x_wconf 91' lang='lat' dir='ltr'>sed</span> <span class='ocrx_word' id='word_1_57' title='bbox 1754 525 1805 573; x_wconf 67' lang='grc' dir='ltr'>ὅ(</span> <span class='ocrx_word' id='word_1_58' title='bbox 1824 522 2066 571; x_wconf 89' lang='lat' dir='ltr'>formida·</span> 
     </span>
     <span class='ocr_line' id='line_1_8' title="bbox 309 582 2064 655; baseline -0.004 -15"><span class='ocrx_word' id='word_1_59' title='bbox 309 593 382 645; x_wconf 80' lang='lat' dir='ltr'>vit</span> <span class='ocrx_word' id='word_1_60' title='bbox 395 588 739 655; x_wconf 86' lang='lat' dir='ltr'>Augustinum</span> <span class='ocrx_word' id='word_1_61' title='bbox 758 590 1148 654; x_wconf 86' lang='lat' dir='ltr'>Philosophum:</span> <span class='ocrx_word' id='word_1_62' title='bbox 1176 600 1412 638; x_wconf 87' lang='lat' dir='ltr'>venerata</span> <span class='ocrx_word' id='word_1_63' title='bbox 1425 585 1494 636; x_wconf 89' lang='lat' dir='ltr'>est</span> <span class='ocrx_word' id='word_1_64' title='bbox 1509 582 1851 651; x_wconf 83' lang='lat' dir='ltr'>Augustinum</span> <span class='ocrx_word' id='word_1_65' title='bbox 1864 583 2064 641; x_wconf 88' lang='lat' dir='ltr'>Christi,</span> 
     </span>
     <span class='ocr_line' id='line_1_9' title="bbox 316 648 2066 716; baseline -0.004 -12"><span class='ocrx_word' id='word_1_66' title='bbox 316 653 399 704; x_wconf 89' lang='lat' dir='ltr'>sed</span> <span class='ocrx_word' id='word_1_67' title='bbox 423 658 472 705; x_wconf 64' lang='grc' dir='ltr'>ὃς</span> <span class='ocrx_word' id='word_1_68' title='bbox 494 667 719 703; x_wconf 81' lang='lat' dir='ltr'>execrata</span> <span class='ocrx_word' id='word_1_69' title='bbox 744 650 1464 716; x_wconf 83' lang='lat' dir='ltr'>estAugustinumManichaei.</span> <span class='ocrx_word' id='word_1_70' title='bbox 1567 652 1638 700; x_wconf 90' lang='lat' dir='ltr'>Ita</span> <span class='ocrx_word' id='word_1_71' title='bbox 1658 648 1796 698; x_wconf 87' lang='lat' dir='ltr'>senfit</span> <span class='ocrx_word' id='word_1_72' title='bbox 1817 650 2066 714; x_wconf 86' lang='lat' dir='ltr'>primitiva</span> 
     </span>
     <span class='ocr_line' id='line_1_10' title="bbox 305 714 2062 769; baseline -0.004 -2"><span class='ocrx_word' id='word_1_73' title='bbox 305 718 435 767; x_wconf 88' lang='lat' dir='ltr'>olim</span> <span class='ocrx_word' id='word_1_74' title='bbox 456 717 668 767; x_wconf 82' lang='lat' dir='ltr'>Ecclesia</span> <span class='ocrx_word' id='word_1_75' title='bbox 683 751 696 769; x_wconf 78' lang='lat'>,</span> <span class='ocrx_word' id='word_1_76' title='bbox 713 719 840 768; x_wconf 85' lang='lat' dir='ltr'>&amp;ita</span> <span class='ocrx_word' id='word_1_77' title='bbox 860 717 998 766; x_wconf 85' lang='lat' dir='ltr'>sentit</span> <span class='ocrx_word' id='word_1_78' title='bbox 1012 716 1292 766; x_wconf 85' lang='lat' dir='ltr'>hodiedum</span> <span class='ocrx_word' id='word_1_79' title='bbox 1309 715 1492 764; x_wconf 87' lang='lat' dir='ltr'>adulta.</span> <span class='ocrx_word' id='word_1_80' title='bbox 1563 714 1766 762; x_wconf 84' lang='lat' dir='ltr'>Adorat</span> <span class='ocrx_word' id='word_1_81' title='bbox 1780 716 2062 762; x_wconf 80' lang='lat' dir='ltr'>etiamnum</span> 
     </span>
     <span class='ocr_line' id='line_1_11' title="bbox 308 774 2063 845; baseline -0.005 -13"><span class='ocrx_word' id='word_1_82' title='bbox 308 778 654 845; x_wconf 81' lang='lat' dir='ltr'>Augustinum</span> <span class='ocrx_word' id='word_1_83' title='bbox 671 777 877 835; x_wconf 87' lang='lat' dir='ltr'>Christi,</span> <span class='ocrx_word' id='word_1_84' title='bbox 906 780 986 829; x_wconf 87' lang='lat' dir='ltr'>sed</span> <span class='ocrx_word' id='word_1_85' title='bbox 1013 784 1060 831; x_wconf 65' lang='grc' dir='ltr'>ἃ</span> <span class='ocrx_word' id='word_1_86' title='bbox 1082 792 1334 828; x_wconf 78' lang='lat' dir='ltr'>execratur</span> <span class='ocrx_word' id='word_1_87' title='bbox 1346 774 1929 842; x_wconf 79' lang='lat' dir='ltr'>AugustinumJansenij.</span> <span class='ocrx_word' id='word_1_88' title='bbox 1988 775 2063 824; x_wconf 91' lang='lat' dir='ltr'>At</span> 
     </span>
     <span class='ocr_line' id='line_1_12' title="bbox 304 839 2068 909; baseline -0.005 -15"><span class='ocrx_word' id='word_1_89' title='bbox 304 847 428 908; x_wconf 88' lang='lat' dir='ltr'>quid</span> <span class='ocrx_word' id='word_1_90' title='bbox 452 860 549 909; x_wconf 86' lang='lat' dir='ltr'>ego</span> <span class='ocrx_word' id='word_1_91' title='bbox 576 846 828 909; x_wconf 81' lang='lat' dir='ltr'>vituperiis</span> <span class='ocrx_word' id='word_1_92' title='bbox 854 844 1156 908; x_wconf 83' lang='lat' dir='ltr'>prosequor,</span> <span class='ocrx_word' id='word_1_93' title='bbox 1194 858 1349 905; x_wconf 86' lang='lat' dir='ltr'>quem</span> <span class='ocrx_word' id='word_1_94' title='bbox 1368 854 1448 890; x_wconf 82' lang='lat' dir='ltr'>tot</span> <span class='ocrx_word' id='word_1_95' title='bbox 1469 840 1641 904; x_wconf 81' lang='lat' dir='ltr'>elogiis</span> <span class='ocrx_word' id='word_1_96' title='bbox 1662 840 1739 896; x_wconf 86' lang='lat' dir='ltr'>alij</span> <span class='ocrx_word' id='word_1_97' title='bbox 1762 839 2068 903; x_wconf 88' lang='lat' dir='ltr'>prosequun-</span> 
     </span>
     <span class='ocr_line' id='line_1_13' title="bbox 304 900 2067 969; baseline -0.005 -13"><span class='ocrx_word' id='word_1_98' title='bbox 304 909 419 962; x_wconf 68' lang='lat' dir='ltr'>tur?</span> <span class='ocrx_word' id='word_1_99' title='bbox 454 910 706 956; x_wconf 84' lang='lat' dir='ltr'>Innocens</span> <span class='ocrx_word' id='word_1_100' title='bbox 731 904 825 959; x_wconf 87' lang='lat' dir='ltr'>cst,</span> <span class='ocrx_word' id='word_1_101' title='bbox 853 923 1016 956; x_wconf 88' lang='lat' dir='ltr'>novus</span> <span class='ocrx_word' id='word_1_102' title='bbox 1040 907 1120 955; x_wconf 89' lang='lat' dir='ltr'>hic</span> <span class='ocrx_word' id='word_1_103' title='bbox 1143 901 1410 969; x_wconf 83' lang='lat' dir='ltr'>Augustini</span> <span class='ocrx_word' id='word_1_104' title='bbox 1434 906 1696 966; x_wconf 90' lang='lat' dir='ltr'>Pronepos</span> <span class='ocrx_word' id='word_1_105' title='bbox 1713 935 1727 953; x_wconf 83' lang='lat'>‚</span> <span class='ocrx_word' id='word_1_106' title='bbox 1747 906 1796 952; x_wconf 67' lang='grc' dir='ltr'>ὃς</span> <span class='ocrx_word' id='word_1_107' title='bbox 1821 903 1883 949; x_wconf 90' lang='lat' dir='ltr'>de</span> <span class='ocrx_word' id='word_1_108' title='bbox 1895 900 2067 949; x_wconf 90' lang='lat' dir='ltr'>Theo-</span> 
     </span>
     <span class='ocr_line' id='line_1_14' title="bbox 305 960 2065 1032; baseline -0.004 -15"><span class='ocrx_word' id='word_1_109' title='bbox 305 970 444 1032; x_wconf 87' lang='lat' dir='ltr'>logia</span> <span class='ocrx_word' id='word_1_110' title='bbox 464 965 660 1030; x_wconf 76' lang='lat' dir='ltr'>optime</span> <span class='ocrx_word' id='word_1_111' title='bbox 682 971 914 1017; x_wconf 84' lang='lat' dir='ltr'>meritus,</span> <span class='ocrx_word' id='word_1_112' title='bbox 950 970 1074 1013; x_wconf 85' lang='lat' dir='ltr'>dum</span> <span class='ocrx_word' id='word_1_113' title='bbox 1088 969 1234 1012; x_wconf 91' lang='lat' dir='ltr'>DEO</span> <span class='ocrx_word' id='word_1_114' title='bbox 1258 969 1400 1025; x_wconf 84' lang='lat' dir='ltr'>eripit</span> <span class='ocrx_word' id='word_1_115' title='bbox 1424 965 1843 1015; x_wconf 80' lang='lat' dir='ltr'>misericordiam,</span> <span class='ocrx_word' id='word_1_116' title='bbox 1862 960 2065 1014; x_wconf 88' lang='lat' dir='ltr'>Christo</span> 
     </span>
     <span class='ocr_line' id='line_1_15' title="bbox 308 1024 2067 1093; baseline -0.002 -16"><span class='ocrx_word' id='word_1_117' title='bbox 308 1028 700 1093; x_wconf 86' lang='lat' dir='ltr'>Redemptionis</span> <span class='ocrx_word' id='word_1_118' title='bbox 719 1027 939 1090; x_wconf 81' lang='lat' dir='ltr'>gloriam</span> <span class='ocrx_word' id='word_1_119' title='bbox 955 1059 968 1079; x_wconf 83' lang='grc'><strong>,</strong></span> <span class='ocrx_word' id='word_1_120' title='bbox 1004 1024 1227 1074; x_wconf 80' lang='lat' dir='ltr'>Eccleiiae</span> <span class='ocrx_word' id='word_1_121' title='bbox 1242 1024 1898 1079; x_wconf 84' lang='lat' dir='ltr'>Authoritatem,Fidelibus</span> <span class='ocrx_word' id='word_1_122' title='bbox 1913 1026 2067 1090; x_wconf 88' lang='lat' dir='ltr'>spem,</span> 
     </span>
     <span class='ocr_line' id='line_1_16' title="bbox 305 1086 2066 1153; baseline -0.003 -11"><span class='ocrx_word' id='word_1_123' title='bbox 305 1094 602 1143; x_wconf 86' lang='lat' dir='ltr'>Viatoribus</span> <span class='ocrx_word' id='word_1_124' title='bbox 623 1092 832 1153; x_wconf 83' lang='lat' dir='ltr'>gratiam</span> <span class='ocrx_word' id='word_1_125' title='bbox 848 1122 861 1143; x_wconf 88' lang='lat'>‚</span> <span class='ocrx_word' id='word_1_126' title='bbox 882 1091 1085 1138; x_wconf 87' lang='lat' dir='ltr'>Naturae</span> <span class='ocrx_word' id='word_1_127' title='bbox 1111 1087 1317 1143; x_wconf 84' lang='lat' dir='ltr'>Arbitrij</span> <span class='ocrx_word' id='word_1_128' title='bbox 1332 1086 1632 1135; x_wconf 77' lang='lat' dir='ltr'>libertatem.</span> <span class='ocrx_word' id='word_1_129' title='bbox 1702 1089 1953 1137; x_wconf 85' lang='lat' dir='ltr'>Innocens</span> <span class='ocrx_word' id='word_1_130' title='bbox 1979 1086 2066 1143; x_wconf 89' lang='lat' dir='ltr'>est,</span> 
     </span>
     <span class='ocr_line' id='line_1_17' title="bbox 306 1146 2065 1218; baseline -0.002 -13"><span class='ocrx_word' id='word_1_131' title='bbox 306 1159 357 1208; x_wconf 70' lang='grc' dir='ltr'>ὅ(</span> <span class='ocrx_word' id='word_1_132' title='bbox 377 1156 439 1205; x_wconf 88' lang='lat' dir='ltr'>dc</span> <span class='ocrx_word' id='word_1_133' title='bbox 464 1152 783 1218; x_wconf 80' lang='lat' dir='ltr'>Philosophi-a</span> <span class='ocrx_word' id='word_1_134' title='bbox 801 1167 1011 1215; x_wconf 86' lang='lat' dir='ltr'>quoque</span> <span class='ocrx_word' id='word_1_135' title='bbox 1031 1146 1226 1215; x_wconf 75' lang='lat' dir='ltr'>optime</span> <span class='ocrx_word' id='word_1_136' title='bbox 1250 1153 1453 1199; x_wconf 87' lang='lat' dir='ltr'>meritus</span> <span class='ocrx_word' id='word_1_137' title='bbox 1478 1183 1490 1203; x_wconf 87' lang='lat'>,</span> <span class='ocrx_word' id='word_1_138' title='bbox 1528 1150 1650 1199; x_wconf 90' lang='lat' dir='ltr'>dum</span> <span class='ocrx_word' id='word_1_139' title='bbox 1664 1152 1869 1200; x_wconf 87' lang='lat' dir='ltr'>Naturae</span> <span class='ocrx_word' id='word_1_140' title='bbox 1887 1167 2065 1201; x_wconf 87' lang='lat' dir='ltr'>arcana</span> 
     </span>
     <span class='ocr_line' id='line_1_18' title="bbox 304 1212 2065 1283; baseline -0.004 -15"><span class='ocrx_word' id='word_1_141' title='bbox 304 1216 476 1283; x_wconf 68' lang='lat' dir='ltr'>lingua</span> <span class='ocrx_word' id='word_1_142' title='bbox 498 1217 734 1283; x_wconf 88' lang='lat' dir='ltr'>profanat</span> <span class='ocrx_word' id='word_1_143' title='bbox 756 1213 1024 1266; x_wconf 64' lang='lat' dir='ltr'>vernacula</span> <span class='ocrx_word' id='word_1_144' title='bbox 1038 1248 1050 1269; x_wconf 92' lang='lat'>,</span> <span class='ocrx_word' id='word_1_145' title='bbox 1069 1227 1122 1263; x_wconf 91' lang='lat' dir='ltr'>ut</span> <span class='ocrx_word' id='word_1_146' title='bbox 1145 1216 1198 1263; x_wconf 89' lang='lat' dir='ltr'>in</span> <span class='ocrx_word' id='word_1_147' title='bbox 1219 1215 1448 1278; x_wconf 87' lang='lat' dir='ltr'>Peripato</span> <span class='ocrx_word' id='word_1_148' title='bbox 1468 1212 1942 1271; x_wconf 81' lang='lat' dir='ltr'>jamdiscurrant,&amp;</span> <span class='ocrx_word' id='word_1_149' title='bbox 1959 1231 2065 1280; x_wconf 83' lang='lat' dir='ltr'>gar·</span> 
     </span>
     <span class='ocr_line' id='line_1_19' title="bbox 303 1276 2064 1345; baseline -0.002 -14"><span class='ocrx_word' id='word_1_150' title='bbox 303 1285 460 1336; x_wconf 77' lang='lat' dir='ltr'>riam,</span> <span class='ocrx_word' id='word_1_151' title='bbox 484 1282 583 1338; x_wconf 88' lang='lat' dir='ltr'>jam</span> <span class='ocrx_word' id='word_1_152' title='bbox 605 1279 1048 1345; x_wconf 85' lang='lat' dir='ltr'>philosophentur,</span> <span class='ocrx_word' id='word_1_153' title='bbox 1102 1280 1152 1328; x_wconf 86' lang='lat'>&amp;</span> <span class='ocrx_word' id='word_1_154' title='bbox 1171 1276 1457 1326; x_wconf 83' lang='lat' dir='ltr'>fabulentur</span> <span class='ocrx_word' id='word_1_155' title='bbox 1477 1277 1639 1342; x_wconf 87' lang='lat' dir='ltr'>plures</span> <span class='ocrx_word' id='word_1_156' title='bbox 1663 1277 1874 1341; x_wconf 86' lang='lat' dir='ltr'>Sophae,</span> <span class='ocrx_word' id='word_1_157' title='bbox 1908 1278 2064 1341; x_wconf 75' lang='lat' dir='ltr'>quam</span> 
     </span>
     <span class='ocr_line' id='line_1_20' title="bbox 303 1340 2065 1409; baseline -0.002 -14"><span class='ocrx_word' id='word_1_158' title='bbox 303 1344 488 1409; x_wconf 88' lang='lat' dir='ltr'>Sophi:</span> <span class='ocrx_word' id='word_1_159' title='bbox 527 1345 651 1393; x_wconf 91' lang='lat' dir='ltr'>dum</span> <span class='ocrx_word' id='word_1_160' title='bbox 671 1343 941 1393; x_wconf 85' lang='lat' dir='ltr'>muliebres</span> <span class='ocrx_word' id='word_1_161' title='bbox 970 1357 1085 1391; x_wconf 86' lang='lat' dir='ltr'>acus</span> <span class='ocrx_word' id='word_1_162' title='bbox 1109 1352 1274 1390; x_wconf 88' lang='lat' dir='ltr'>mutat</span> <span class='ocrx_word' id='word_1_163' title='bbox 1290 1342 1342 1388; x_wconf 89' lang='lat' dir='ltr'>in</span> <span class='ocrx_word' id='word_1_164' title='bbox 1365 1341 1612 1392; x_wconf 86' lang='lat' dir='ltr'>calamos,</span> <span class='ocrx_word' id='word_1_165' title='bbox 1637 1341 1783 1390; x_wconf 90' lang='lat' dir='ltr'>colos</span> <span class='ocrx_word' id='word_1_166' title='bbox 1800 1343 1851 1390; x_wconf 91' lang='lat' dir='ltr'>in</span> <span class='ocrx_word' id='word_1_167' title='bbox 1863 1340 2065 1407; x_wconf 87' lang='lat' dir='ltr'>sceptra,</span> 
     </span>
     <span class='ocr_line' id='line_1_21' title="bbox 306 1401 2066 1472; baseline -0.002 -14"><span class='ocrx_word' id='word_1_168' title='bbox 306 1410 488 1472; x_wconf 86' lang='lat' dir='ltr'>quibus</span> <span class='ocrx_word' id='word_1_169' title='bbox 524 1420 657 1456; x_wconf 89' lang='lat' dir='ltr'>creet</span> <span class='ocrx_word' id='word_1_170' title='bbox 683 1407 854 1471; x_wconf 77' lang='lat' dir='ltr'>dignas</span> <span class='ocrx_word' id='word_1_171' title='bbox 877 1405 979 1455; x_wconf 91' lang='lat' dir='ltr'>hoc</span> <span class='ocrx_word' id='word_1_172' title='bbox 1001 1407 1310 1455; x_wconf 87' lang='lat' dir='ltr'>Promotore</span> <span class='ocrx_word' id='word_1_173' title='bbox 1333 1401 1590 1468; x_wconf 80' lang='lat' dir='ltr'>Magistras</span> <span class='ocrx_word' id='word_1_174' title='bbox 1615 1420 1625 1451; x_wconf 90' lang='lat'>:</span> <span class='ocrx_word' id='word_1_175' title='bbox 1667 1404 1789 1453; x_wconf 92' lang='lat' dir='ltr'>dum</span> <span class='ocrx_word' id='word_1_176' title='bbox 1825 1406 2066 1469; x_wconf 88' lang='lat' dir='ltr'>epomide</span> 
     </span>
    </p>
   </div>
   <div class='ocr_carea' id='block_1_3' title="bbox 305 1467 2156 1538">
    <p class='ocr_par' dir='ltr' id='par_1_4' title="bbox 305 1467 2156 1538">
     <span class='ocr_line' id='line_1_22' title="bbox 305 1467 2156 1538; baseline -0.002 -16"><span class='ocrx_word' id='word_1_177' title='bbox 305 1483 456 1522; x_wconf 88' lang='lat' dir='ltr'>ornat</span> <span class='ocrx_word' id='word_1_178' title='bbox 477 1474 660 1520; x_wconf 88' lang='lat' dir='ltr'>amicas</span> <span class='ocrx_word' id='word_1_179' title='bbox 677 1504 689 1525; x_wconf 94' lang='lat'>,</span> <span class='ocrx_word' id='word_1_180' title='bbox 711 1469 960 1519; x_wconf 64' lang='lat' dir='ltr'>doetorali</span> <span class='ocrx_word' id='word_1_181' title='bbox 991 1469 1181 1518; x_wconf 89' lang='lat' dir='ltr'>annulo</span> <span class='ocrx_word' id='word_1_182' title='bbox 1211 1467 1423 1532; x_wconf 79' lang='lat' dir='ltr'>Sponsas</span> <span class='ocrx_word' id='word_1_183' title='bbox 1447 1486 1456 1515; x_wconf 83' lang='lat' dir='ltr'>z</span> <span class='ocrx_word' id='word_1_184' title='bbox 1494 1468 1619 1516; x_wconf 88' lang='lat' dir='ltr'>dum</span> <span class='ocrx_word' id='word_1_185' title='bbox 1641 1479 1720 1516; x_wconf 88' lang='lat' dir='ltr'>tot</span> <span class='ocrx_word' id='word_1_186' title='bbox 1747 1470 1886 1532; x_wconf 82' lang='lat' dir='ltr'>erigit</span> <span class='ocrx_word' id='word_1_187' title='bbox 1907 1469 2067 1519; x_wconf 82' lang='lat' dir='ltr'>Athe·</span> <span class='ocrx_word' id='word_1_188' title='bbox 2133 1503 2156 1538; x_wconf 42' lang='grc'>1,</span> 
     </span>
    </p>
   </div>
   <div class='ocr_carea' id='block_1_4' title="bbox 300 1530 2065 2661">
    <p class='ocr_par' dir='ltr' id='par_1_5' title="bbox 300 1530 2065 1851">
     <span class='ocr_line' id='line_1_23' title="bbox 307 1530 2065 1599; baseline -0.002 -14"><span class='ocrx_word' id='word_1_189' title='bbox 307 1552 412 1585; x_wconf 85' lang='lat' dir='ltr'>naea</span> <span class='ocrx_word' id='word_1_190' title='bbox 427 1569 440 1589; x_wconf 93' lang='lat'>,</span> <span class='ocrx_word' id='word_1_191' title='bbox 463 1547 594 1599; x_wconf 92' lang='lat' dir='ltr'>quot</span> <span class='ocrx_word' id='word_1_192' title='bbox 607 1535 856 1598; x_wconf 85' lang='lat' dir='ltr'>Gynaecea</span> <span class='ocrx_word' id='word_1_193' title='bbox 871 1550 880 1580; x_wconf 91' lang='lat'>:</span> <span class='ocrx_word' id='word_1_194' title='bbox 896 1533 1055 1580; x_wconf 87' lang='lat' dir='ltr'>verbo</span> <span class='ocrx_word' id='word_1_195' title='bbox 1073 1565 1085 1586; x_wconf 93' lang='lat'>,</span> <span class='ocrx_word' id='word_1_196' title='bbox 1107 1532 1229 1580; x_wconf 91' lang='lat' dir='ltr'>dum</span> <span class='ocrx_word' id='word_1_197' title='bbox 1250 1532 1456 1580; x_wconf 87' lang='lat' dir='ltr'>scientiae</span> <span class='ocrx_word' id='word_1_198' title='bbox 1479 1530 1619 1579; x_wconf 83' lang='lat' dir='ltr'>sacrae</span> <span class='ocrx_word' id='word_1_199' title='bbox 1644 1535 1930 1595; x_wconf 84' lang='lat' dir='ltr'>margaritas</span> <span class='ocrx_word' id='word_1_200' title='bbox 1949 1549 2065 1597; x_wconf 87' lang='lat' dir='ltr'>pro-</span> 
     </span>
     <span class='ocr_line' id='line_1_24' title="bbox 302 1595 2064 1661; baseline -0.001 -13"><span class='ocrx_word' id='word_1_201' title='bbox 302 1599 403 1656; x_wconf 86' lang='lat' dir='ltr'>jicit</span> <span class='ocrx_word' id='word_1_202' title='bbox 423 1612 538 1648; x_wconf 87' lang='lat' dir='ltr'>ante</span> <span class='ocrx_word' id='word_1_203' title='bbox 559 1612 743 1661; x_wconf 86' lang='lat' dir='ltr'>porcos</span> <span class='ocrx_word' id='word_1_204' title='bbox 765 1630 777 1648; x_wconf 84' lang='lat'><strong>‚</strong></span> <span class='ocrx_word' id='word_1_205' title='bbox 815 1599 930 1659; x_wconf 85' lang='lat' dir='ltr'>quia</span> <span class='ocrx_word' id='word_1_206' title='bbox 949 1608 1063 1644; x_wconf 87' lang='lat' dir='ltr'>ante</span> <span class='ocrx_word' id='word_1_207' title='bbox 1084 1597 1389 1658; x_wconf 84' lang='lat' dir='ltr'>Margaretas</span> <span class='ocrx_word' id='word_1_208' title='bbox 1405 1627 1417 1648; x_wconf 91' lang='lat'>‚</span> <span class='ocrx_word' id='word_1_209' title='bbox 1433 1597 1481 1643; x_wconf 66' lang='grc' dir='ltr'>ὃς</span> <span class='ocrx_word' id='word_1_210' title='bbox 1496 1595 1803 1659; x_wconf 82' lang='lat' dir='ltr'>Margaritas.</span> <span class='ocrx_word' id='word_1_211' title='bbox 1882 1598 1945 1645; x_wconf 87' lang='lat' dir='ltr'>Et</span> <span class='ocrx_word' id='word_1_212' title='bbox 1958 1596 2064 1647; x_wconf 84' lang='lat' dir='ltr'>haec</span> 
     </span>
     <span class='ocr_line' id='line_1_25' title="bbox 300 1656 2063 1723; baseline -0.001 -12"><span class='ocrx_word' id='word_1_213' title='bbox 300 1661 411 1712; x_wconf 90' lang='lat' dir='ltr'>sunt</span> <span class='ocrx_word' id='word_1_214' title='bbox 430 1661 638 1721; x_wconf 88' lang='lat' dir='ltr'>Jansenij</span> <span class='ocrx_word' id='word_1_215' title='bbox 661 1664 710 1710; x_wconf 73' lang='grc' dir='ltr'>ὅ(</span> <span class='ocrx_word' id='word_1_216' title='bbox 726 1658 1039 1709; x_wconf 80' lang='lat' dir='ltr'>Affeclarum</span> <span class='ocrx_word' id='word_1_217' title='bbox 1059 1659 1304 1723; x_wconf 70' lang='lat' dir='ltr'>praeclara,</span> <span class='ocrx_word' id='word_1_218' title='bbox 1321 1656 1354 1705; x_wconf 86' lang='lat' dir='ltr'>fi</span> <span class='ocrx_word' id='word_1_219' title='bbox 1373 1659 1569 1722; x_wconf 85' lang='lat' dir='ltr'>Superis</span> <span class='ocrx_word' id='word_1_220' title='bbox 1582 1660 1770 1722; x_wconf 89' lang='lat' dir='ltr'>placet,</span> <span class='ocrx_word' id='word_1_221' title='bbox 1795 1661 1846 1707; x_wconf 91' lang='lat' dir='ltr'>in</span> <span class='ocrx_word' id='word_1_222' title='bbox 1864 1659 2063 1710; x_wconf 88' lang='lat' dir='ltr'>Acade-</span> 
     </span>
     <span class='ocr_line' id='line_1_26' title="bbox 302 1720 2057 1787; baseline 0 -12"><span class='ocrx_word' id='word_1_223' title='bbox 302 1729 428 1775; x_wconf 89' lang='lat' dir='ltr'>mias</span> <span class='ocrx_word' id='word_1_224' title='bbox 453 1725 627 1773; x_wconf 79' lang='lat' dir='ltr'>merita</span> <span class='ocrx_word' id='word_1_225' title='bbox 646 1757 656 1777; x_wconf 92' lang='lat'>,</span> <span class='ocrx_word' id='word_1_226' title='bbox 683 1723 786 1772; x_wconf 84' lang='lat' dir='ltr'>haec</span> <span class='ocrx_word' id='word_1_227' title='bbox 805 1720 958 1772; x_wconf 88' lang='lat' dir='ltr'>nostri</span> <span class='ocrx_word' id='word_1_228' title='bbox 980 1724 1221 1787; x_wconf 85' lang='lat' dir='ltr'>temporis</span> <span class='ocrx_word' id='word_1_229' title='bbox 1249 1721 1433 1785; x_wconf 85' lang='lat' dir='ltr'>probra</span> <span class='ocrx_word' id='word_1_230' title='bbox 1449 1753 1462 1775; x_wconf 88' lang='lat'>,</span> <span class='ocrx_word' id='word_1_231' title='bbox 1484 1720 1588 1770; x_wconf 86' lang='lat' dir='ltr'>haec</span> <span class='ocrx_word' id='word_1_232' title='bbox 1610 1720 1910 1787; x_wconf 79' lang='lat' dir='ltr'>Theologiae</span> <span class='ocrx_word' id='word_1_233' title='bbox 1931 1724 2057 1775; x_wconf 87' lang='lat' dir='ltr'>ludi-</span> 
     </span>
     <span class='ocr_line' id='line_1_27' title="bbox 307 1785 1507 1851; baseline -0.005 -13"><span class='ocrx_word' id='word_1_234' title='bbox 307 1789 412 1838; x_wconf 70' lang='lat' dir='ltr'>brIa</span> <span class='ocrx_word' id='word_1_235' title='bbox 428 1822 440 1843; x_wconf 92' lang='lat'>‚</span> <span class='ocrx_word' id='word_1_236' title='bbox 461 1787 566 1837; x_wconf 86' lang='lat' dir='ltr'>haec</span> <span class='ocrx_word' id='word_1_237' title='bbox 589 1786 917 1851; x_wconf 82' lang='lat' dir='ltr'>Philosophiae</span> <span class='ocrx_word' id='word_1_238' title='bbox 941 1786 1213 1851; x_wconf 77' lang='lat' dir='ltr'>profanatae</span> <span class='ocrx_word' id='word_1_239' title='bbox 1239 1785 1507 1833; x_wconf 81' lang='lat' dir='ltr'>dedecora.</span> 
     </span>
    </p>

    <p class='ocr_par' dir='ltr' id='par_1_6' title="bbox 307 1845 2064 2470">
     <span class='ocr_line' id='line_1_28' title="bbox 439 1845 2064 1913; baseline 0 -12"><span class='ocrx_word' id='word_1_240' title='bbox 439 1852 636 1902; x_wconf 85' lang='lat' dir='ltr'>LEUC:</span> <span class='ocrx_word' id='word_1_241' title='bbox 706 1852 767 1900; x_wconf 88' lang='lat' dir='ltr'>Et</span> <span class='ocrx_word' id='word_1_242' title='bbox 789 1850 909 1913; x_wconf 92' lang='lat' dir='ltr'>quid</span> <span class='ocrx_word' id='word_1_243' title='bbox 933 1865 1027 1898; x_wconf 86' lang='lat' dir='ltr'>nos</span> <span class='ocrx_word' id='word_1_244' title='bbox 1051 1850 1112 1897; x_wconf 87' lang='lat' dir='ltr'>ad</span> <span class='ocrx_word' id='word_1_245' title='bbox 1135 1845 1251 1896; x_wconf 78' lang='lat' dir='ltr'>ista?</span> <span class='ocrx_word' id='word_1_246' title='bbox 1270 1864 1332 1896; x_wconf 90' lang='lat' dir='ltr'>an</span> <span class='ocrx_word' id='word_1_247' title='bbox 1352 1847 1546 1897; x_wconf 87' lang='lat' dir='ltr'>sublatis</span> <span class='ocrx_word' id='word_1_248' title='bbox 1571 1847 1789 1898; x_wconf 87' lang='lat' dir='ltr'>humeris</span> <span class='ocrx_word' id='word_1_249' title='bbox 1809 1849 2064 1901; x_wconf 75' lang='lat' dir='ltr'>sileamus?</span> 
     </span>
     <span class='ocr_line' id='line_1_29' title="bbox 309 1908 2063 1978; baseline -0.001 -13"><span class='ocrx_word' id='word_1_250' title='bbox 309 1931 374 1965; x_wconf 86' lang='lat' dir='ltr'>an</span> <span class='ocrx_word' id='word_1_251' title='bbox 401 1915 555 1964; x_wconf 89' lang='lat' dir='ltr'>hianti</span> <span class='ocrx_word' id='word_1_252' title='bbox 577 1930 666 1963; x_wconf 91' lang='lat' dir='ltr'>ore</span> <span class='ocrx_word' id='word_1_253' title='bbox 689 1912 1013 1978; x_wconf 67' lang='lat' dir='ltr'>spestabimus</span> <span class='ocrx_word' id='word_1_254' title='bbox 1036 1908 1378 1977; x_wconf 82' lang='lat' dir='ltr'>Augustinum</span> <span class='ocrx_word' id='word_1_255' title='bbox 1408 1911 1647 1969; x_wconf 89' lang='lat' dir='ltr'>Jansenij,</span> <span class='ocrx_word' id='word_1_256' title='bbox 1665 1911 1729 1960; x_wconf 83' lang='lat' dir='ltr'>fic</span> <span class='ocrx_word' id='word_1_257' title='bbox 1761 1915 1888 1961; x_wconf 90' lang='lat' dir='ltr'>inter</span> <span class='ocrx_word' id='word_1_258' title='bbox 1914 1917 2063 1968; x_wconf 89' lang='lat' dir='ltr'>Hele-</span> 
     </span>
     <span class='ocr_line' id='line_1_30' title="bbox 308 1973 2061 2042; baseline 0 -14"><span class='ocrx_word' id='word_1_259' title='bbox 308 1995 397 2029; x_wconf 86' lang='lat' dir='ltr'>nas</span> <span class='ocrx_word' id='word_1_260' title='bbox 421 1976 889 2042; x_wconf 81' lang='lat' dir='ltr'>philosophantem?</span> <span class='ocrx_word' id='word_1_261' title='bbox 956 1979 1112 2024; x_wconf 87' lang='lat' dir='ltr'><em>MEL:</em></span> <span class='ocrx_word' id='word_1_262' title='bbox 1164 1973 1381 2024; x_wconf 77' lang='lat' dir='ltr'>Minime</span> <span class='ocrx_word' id='word_1_263' title='bbox 1397 1975 1640 2023; x_wconf 88' lang='lat' dir='ltr'>Gentium</span> <span class='ocrx_word' id='word_1_264' title='bbox 1659 1977 2061 2029; x_wconf 85' lang='lat' dir='ltr'>miLeucothee!</span> 
     </span>
     <span class='ocr_line' id='line_1_31' title="bbox 307 2039 2062 2103; baseline 0.001 -12"><span class='ocrx_word' id='word_1_265' title='bbox 307 2043 360 2091; x_wconf 91' lang='lat' dir='ltr'>in</span> <span class='ocrx_word' id='word_1_266' title='bbox 393 2041 670 2091; x_wconf 87' lang='lat' dir='ltr'>Academia</span> <span class='ocrx_word' id='word_1_267' title='bbox 708 2042 926 2091; x_wconf 86' lang='lat' dir='ltr'>vivimus</span> <span class='ocrx_word' id='word_1_268' title='bbox 949 2074 962 2095; x_wconf 91' lang='lat'>,</span> <span class='ocrx_word' id='word_1_269' title='bbox 993 2055 1148 2103; x_wconf 88' lang='lat' dir='ltr'>quam</span> <span class='ocrx_word' id='word_1_270' title='bbox 1180 2039 1366 2088; x_wconf 80' lang='lat' dir='ltr'>merito</span> <span class='ocrx_word' id='word_1_271' title='bbox 1398 2039 1839 2103; x_wconf 82' lang='lat' dir='ltr'>propugnaculum</span> <span class='ocrx_word' id='word_1_272' title='bbox 1875 2042 2062 2092; x_wconf 87' lang='lat' dir='ltr'>diceres</span> 
     </span>
     <span class='ocr_line' id='line_1_32' title="bbox 309 2101 2061 2168; baseline 0.002 -16"><span class='ocrx_word' id='word_1_273' title='bbox 309 2105 544 2164; x_wconf 89' lang='lat' dir='ltr'>Jansenio</span> <span class='ocrx_word' id='word_1_274' title='bbox 568 2104 758 2168; x_wconf 87' lang='lat' dir='ltr'>semper</span> <span class='ocrx_word' id='word_1_275' title='bbox 777 2104 1038 2153; x_wconf 55' lang='lat' dir='ltr'>invictum.</span> <span class='ocrx_word' id='word_1_276' title='bbox 1109 2104 1215 2151; x_wconf 88' lang='lat' dir='ltr'>Fuit</span> <span class='ocrx_word' id='word_1_277' title='bbox 1237 2101 1473 2150; x_wconf 62' lang='lat' dir='ltr'>haerentis</span> <span class='ocrx_word' id='word_1_278' title='bbox 1492 2102 1572 2150; x_wconf 92' lang='lat' dir='ltr'>hic</span> <span class='ocrx_word' id='word_1_279' title='bbox 1594 2102 1659 2149; x_wconf 87' lang='lat' dir='ltr'>illi</span> <span class='ocrx_word' id='word_1_280' title='bbox 1678 2102 2061 2156; x_wconf 88' lang='lat' dir='ltr'>honos,utPro-</span> 
     </span>
     <span class='ocr_line' id='line_1_33' title="bbox 311 2161 2060 2228; baseline -0.005 -11"><span class='ocrx_word' id='word_1_281' title='bbox 311 2170 632 2217; x_wconf 87' lang='lat' dir='ltr'>montorium</span> <span class='ocrx_word' id='word_1_282' title='bbox 660 2166 774 2215; x_wconf 83' lang='lat' dir='ltr'>effet</span> <span class='ocrx_word' id='word_1_283' title='bbox 789 2169 1089 2218; x_wconf 65' lang='lat' dir='ltr'>Germaniae,</span> <span class='ocrx_word' id='word_1_284' title='bbox 1115 2165 1258 2228; x_wconf 85' lang='lat' dir='ltr'>quod</span> <span class='ocrx_word' id='word_1_285' title='bbox 1279 2180 1389 2213; x_wconf 91' lang='lat' dir='ltr'>non</span> <span class='ocrx_word' id='word_1_286' title='bbox 1412 2162 1577 2214; x_wconf 79' lang='lat' dir='ltr'>modo</span> <span class='ocrx_word' id='word_1_287' title='bbox 1596 2161 1794 2220; x_wconf 84' lang='lat' dir='ltr'>listeret,</span> <span class='ocrx_word' id='word_1_288' title='bbox 1814 2167 1895 2216; x_wconf 88' lang='lat' dir='ltr'>sed</span> <span class='ocrx_word' id='word_1_289' title='bbox 1921 2172 1969 2220; x_wconf 76' lang='grc' dir='ltr'>ὅ(</span> <span class='ocrx_word' id='word_1_290' title='bbox 1988 2185 2060 2218; x_wconf 72' lang='lat' dir='ltr'>re.</span> 
     </span>
     <span class='ocr_line' id='line_1_34' title="bbox 312 2229 2058 2293; baseline 0.003 -15"><span class='ocrx_word' id='word_1_291' title='bbox 312 2230 546 2279; x_wconf 88' lang='lat' dir='ltr'>tunderet</span> <span class='ocrx_word' id='word_1_292' title='bbox 569 2229 772 2278; x_wconf 81' lang='lat' dir='ltr'>Haerelis</span> <span class='ocrx_word' id='word_1_293' title='bbox 797 2232 1009 2282; x_wconf 85' lang='lat' dir='ltr'>novellae</span> <span class='ocrx_word' id='word_1_294' title='bbox 1035 2230 1228 2280; x_wconf 60' lang='lat' dir='ltr'>fluffius.</span> <span class='ocrx_word' id='word_1_295' title='bbox 1295 2230 1416 2278; x_wconf 82' lang='lat' dir='ltr'>Haec</span> <span class='ocrx_word' id='word_1_296' title='bbox 1445 2229 1661 2293; x_wconf 82' lang='lat' dir='ltr'>gloriosa</span> <span class='ocrx_word' id='word_1_297' title='bbox 1691 2233 1987 2287; x_wconf 85' lang='lat' dir='ltr'>conamina,</span> <span class='ocrx_word' id='word_1_298' title='bbox 2007 2234 2058 2283; x_wconf 69' lang='grc' dir='ltr'>ὅ(</span> 
     </span>
     <span class='ocr_line' id='line_1_35' title="bbox 312 2289 2056 2358; baseline 0.001 -16"><span class='ocrx_word' id='word_1_299' title='bbox 312 2309 412 2358; x_wconf 86' lang='lat' dir='ltr'>ego</span> <span class='ocrx_word' id='word_1_300' title='bbox 433 2292 718 2348; x_wconf 80' lang='lat' dir='ltr'>adjuvarem</span> <span class='ocrx_word' id='word_1_301' title='bbox 740 2294 893 2343; x_wconf 89' lang='lat' dir='ltr'>hodie</span> <span class='ocrx_word' id='word_1_302' title='bbox 915 2294 1108 2348; x_wconf 84' lang='lat' dir='ltr'>lubens,</span> <span class='ocrx_word' id='word_1_303' title='bbox 1128 2292 1214 2342; x_wconf 83' lang='lat' dir='ltr'>nifi</span> <span class='ocrx_word' id='word_1_304' title='bbox 1235 2289 1465 2356; x_wconf 84' lang='lat' dir='ltr'>angustiae</span> <span class='ocrx_word' id='word_1_305' title='bbox 1487 2294 1726 2356; x_wconf 88' lang='lat' dir='ltr'>temporis</span> <span class='ocrx_word' id='word_1_306' title='bbox 1747 2306 1937 2342; x_wconf 89' lang='lat' dir='ltr'>metam</span> <span class='ocrx_word' id='word_1_307' title='bbox 1952 2310 2056 2344; x_wconf 86' lang='lat' dir='ltr'>cur·</span> 
     </span>
     <span class='ocr_line' id='line_1_36' title="bbox 309 2352 2056 2420; baseline 0.001 -14"><span class='ocrx_word' id='word_1_308' title='bbox 309 2357 404 2410; x_wconf 87' lang='lat' dir='ltr'>sui,</span> <span class='ocrx_word' id='word_1_309' title='bbox 427 2359 474 2406; x_wconf 69' lang='grc' dir='ltr'>ὅ(</span> <span class='ocrx_word' id='word_1_310' title='bbox 497 2355 723 2404; x_wconf 87' lang='lat' dir='ltr'>discursui</span> <span class='ocrx_word' id='word_1_311' title='bbox 745 2370 991 2419; x_wconf 87' lang='lat' dir='ltr'>ponerent</span> <span class='ocrx_word' id='word_1_312' title='bbox 1005 2389 1018 2408; x_wconf 88' lang='lat'>,</span> <span class='ocrx_word' id='word_1_313' title='bbox 1034 2356 1233 2420; x_wconf 76' lang='lat' dir='ltr'>ipsaque</span> <span class='ocrx_word' id='word_1_314' title='bbox 1254 2352 1556 2404; x_wconf 85' lang='lat' dir='ltr'>abstraheret</span> <span class='ocrx_word' id='word_1_315' title='bbox 1577 2370 1661 2404; x_wconf 89' lang='lat' dir='ltr'>me</span> <span class='ocrx_word' id='word_1_316' title='bbox 1678 2359 2056 2412; x_wconf 86' lang='lat' dir='ltr'>reverentia,ne</span> 
     </span>
     <span class='ocr_line' id='line_1_37' title="bbox 311 2416 1499 2470; baseline -0.005 0"><span class='ocrx_word' id='word_1_317' title='bbox 311 2421 483 2470; x_wconf 84' lang='lat' dir='ltr'>alicnae</span> <span class='ocrx_word' id='word_1_318' title='bbox 506 2416 644 2467; x_wconf 76' lang='lat' dir='ltr'>meisi</span> <span class='ocrx_word' id='word_1_319' title='bbox 666 2420 982 2466; x_wconf 89' lang='lat' dir='ltr'>temerariam</span> <span class='ocrx_word' id='word_1_320' title='bbox 1003 2421 1278 2467; x_wconf 86' lang='lat' dir='ltr'>immittam</span> <span class='ocrx_word' id='word_1_321' title='bbox 1299 2418 1499 2466; x_wconf 85' lang='lat' dir='ltr'>falcem.</span> 
     </span>
    </p>

    <p class='ocr_par' dir='ltr' id='par_1_7' title="bbox 311 2479 2053 2613">
     <span class='ocr_line' id='line_1_38' title="bbox 441 2479 2053 2547; baseline 0.002 -16"><span class='ocrx_word' id='word_1_322' title='bbox 441 2481 638 2534; x_wconf 84' lang='lat' dir='ltr'><strong>LEUC:</strong></span> <span class='ocrx_word' id='word_1_323' title='bbox 708 2483 796 2531; x_wconf 89' lang='lat' dir='ltr'>An</span> <span class='ocrx_word' id='word_1_324' title='bbox 813 2479 933 2544; x_wconf 78' lang='lat' dir='ltr'>crgo</span> <span class='ocrx_word' id='word_1_325' title='bbox 955 2479 1184 2532; x_wconf 86' lang='lat' dir='ltr'>exhausta</span> <span class='ocrx_word' id='word_1_326' title='bbox 1196 2481 1486 2546; x_wconf 90' lang='lat' dir='ltr'>Philosophi</span> <span class='ocrx_word' id='word_1_327' title='bbox 1503 2481 1758 2547; x_wconf 75' lang='lat' dir='ltr'>pharetra?</span> <span class='ocrx_word' id='word_1_328' title='bbox 1776 2499 1839 2532; x_wconf 89' lang='lat' dir='ltr'>an</span> <span class='ocrx_word' id='word_1_329' title='bbox 1855 2482 2053 2534; x_wconf 89' lang='lat' dir='ltr'>nullum</span> 
     </span>
     <span class='ocr_line' id='line_1_39' title="bbox 311 2543 2053 2613; baseline 0 -16"><span class='ocrx_word' id='word_1_330' title='bbox 311 2544 535 2613; x_wconf 84' lang='lat' dir='ltr'>suppetat</span> <span class='ocrx_word' id='word_1_331' title='bbox 559 2545 790 2612; x_wconf 77' lang='lat' dir='ltr'>Peripate</span> <span class='ocrx_word' id='word_1_332' title='bbox 814 2547 999 2602; x_wconf 84' lang='lat' dir='ltr'>telum,</span> <span class='ocrx_word' id='word_1_333' title='bbox 1023 2561 1129 2611; x_wconf 88' lang='lat' dir='ltr'>quo</span> <span class='ocrx_word' id='word_1_334' title='bbox 1151 2546 1339 2612; x_wconf 82' lang='lat' dir='ltr'>jugulet</span> <span class='ocrx_word' id='word_1_335' title='bbox 1356 2545 1493 2596; x_wconf 89' lang='lat' dir='ltr'>hunc</span> <span class='ocrx_word' id='word_1_336' title='bbox 1519 2543 1675 2598; x_wconf 88' lang='lat' dir='ltr'>nostri</span> <span class='ocrx_word' id='word_1_337' title='bbox 1693 2548 1930 2610; x_wconf 87' lang='lat' dir='ltr'>temporis</span> <span class='ocrx_word' id='word_1_338' title='bbox 1955 2547 2053 2597; x_wconf 83' lang='lat' dir='ltr'>Mi&#39;-</span> 
     </span>
    </p>

    <p class='ocr_par' dir='ltr' id='par_1_8' title="bbox 1094 2620 2014 2661">
     <span class='ocr_line' id='line_1_40' title="bbox 1094 2620 2014 2661; baseline 0.002 -4"><span class='ocrx_word' id='word_1_339' title='bbox 1094 2652 1098 2657; x_wconf 93' lang='lat'>.</span> <span class='ocrx_word' id='word_1_340' title='bbox 1805 2620 1988 2661; x_wconf 87' lang='lat' dir='ltr'>notau-</span> <span class='ocrx_word' id='word_1_341' title='bbox 2011 2627 2014 2630; x_wconf 80' lang='grc'><strong>’</strong></span> 
     </span>
    </p>
   </div>
  </div>
 </body>
</html>
