2175 2911
175 217 190 233 .
716 158 919 210 Hammae
949 159 1216 213 Promethei.
1730 172 1792 230 ᾗ

94 264 217 317 fluat
235 273 356 312 cum
374 255 511 309 annis
524 253 797 320 ,consequi
819 267 1027 307 motum
1041 289 1055 312 ,
1077 260 1201 321 quin
1232 265 1516 312 moveatur.
1582 257 1714 314 Illud
1734 280 1853 331 prae-

0 360 13 387 -,
89 329 259 396 primis
281 322 611 396 admiratione
642 318 1185 394 digniffimumqquod
1218 319 1253 370 fi
1283 318 1417 372 forte
1445 324 1614 375 nubila
1640 325 1733 376 fint
1762 329 1852 380 tibi

10 397 14 445 ἒ
90 402 348 459 tempora,
376 383 648 445 nullosque
666 399 902 433 numeres
929 399 1149 440 amicos,
1173 399 1316 433 mens
1340 385 1468 441 sola,
1497 388 1584 438 sibi
1611 390 1702 439 soli
1724 391 1852 441 suffi-

91 457 208 505 ciat:
258 465 310 499 m
331 447 377 497 se
400 446 506 512 ipso
528 448 809 496 concilium
828 459 1089 498 convocat
1103 447 1386 498 Intellenus
1400 481 1413 502 ,
1435 464 1565 512 quot
1587 455 1851 518 cogitatio-

88 531 198 570 nes,
230 523 308 562 tot
323 523 557 560 numerat
577 510 800 561 Achates
823 513 1058 560 intimos:
1112 526 1234 560 cum
1253 510 1327 560 his
1342 544 1356 566 ,
1378 514 1430 560 in
1456 515 1621 564 cordis
1649 518 1853 568 concla-

85 582 135 630 vi
153 575 414 629 deliberat,
440 573 684 629 discurrit,
704 570 1048 638 stratagemata
1069 570 1234 629 struit,
1259 577 1310 626 &
1329 571 1533 626 destruit
1549 612 1562 629 ,
1590 578 1851 630 machinas

84 638 284 692 hostiles
325 636 550 702 explodit
581 635 682 686 fine
714 637 942 700 fragore,
974 636 1104 686 bella
1134 637 1353 687 debellat
1381 637 1484 688 fine
1516 655 1719 697 cruore,
1748 641 1852 693 fine

15 747 18 752 .
84 704 231 774 obice
253 712 391 766 parat
417 700 674 749 vistorias:
711 701 890 753 verbo,
906 699 1007 748 fine
1032 701 1587 774 proditionisxpericulo
1607 705 1850 757 subornat

82 780 285 819 omma,
313 763 401 812 nili
423 762 521 828 ipse
543 761 599 811 fit
616 761 704 811 fibi
722 764 1032 826 periculum,
1052 759 1204 828 se'que
1233 764 1369 816 ultro
1397 764 1485 817 sibi
1508 767 1630 816 velit
1657 770 1849 834 eripere

0 848 21 870 υ
80 828 313 897 proditor
332 827 503 880 simul,
528 827 577 875 <Sc
601 825 848 875 inimicus.

0 973 7 1016 l

0 1022 12 1150 l

4 1260 18 1456 l

6 1462 15 1530 l

10 1656 34 1718 1..

12 1719 33 1770 ς,

0 1771 35 1827 :al

15 1842 36 1901 ‘J'

1 1913 33 1974 ’ἒ

2 1978 35 2041 'l

0 2038 43 2198 εξ

20 2207 36 2282 2³

0 2342 45 2391 η

0 2412 47 2444 lii·

0 2478 9 2508 l

0 2536 49 2575 ᾗς

206 890 403 941 LEUC:
441 887 655 938 Grandis
676 889 860 938 Hercle
887 864 1243 955 praerogativa,
1279 905 1437 954 quam
1466 891 1662 957 Superis
1696 909 1852 944 aemu-

19 979 21 981 >
82 954 183 1003 lam
214 951 425 1018 poffidet
446 951 754 1001 Intellectus!
797 951 867 1002 uli
900 952 1006 1003 hoc
1032 954 1220 1003 fuerint
1242 987 1257 1007 ,
1293 957 1345 1004 in
1379 954 1525 1003 suum
1551 958 1600 1006 ὃς
1622 957 1852 1008 Univerfi

19 1035 24 1078 ².
80 1018 231 1066 totius
262 1016 676 1064 emolumentum
701 1016 1034 1072 Salomones,
1058 1014 1355 1082 Augustini,
1379 1018 1641 1081 Stagiritae,
1672 1023 1723 1071 ὃς
1753 1021 1851 1077 alii,

20 1084 24 1108 ⁷
80 1094 210 1143 quos
232 1079 413 1142 ingenii
443 1081 548 1127 acie
584 1079 828 1142 Aquilas,
860 1080 1198 1130 foecunditate
1232 1080 1528 1136 Phoenices,
1560 1078 1849 1147 praestantiae

79 1139 240 1207 gloria
261 1141 688 1195 velutSemidcos,
711 1142 881 1191 ereffis
907 1144 1291 1207 propemodum
1314 1146 1422 1197 aris,
1442 1143 1620 1192 adorat
1637 1141 1850 1194 Posteri-

77 1218 166 1254 tas,
267 1207 423 1253 MEL:
491 1201 718 1253 Defuere
738 1219 1005 1267 nunquam
1025 1207 1213 1255 Divina
1237 1206 1367 1255 Orbi
1385 1208 1614 1270 Ingenia,
1630 1220 1758 1269 quae,
1778 1208 1844 1258 de

79 1269 324 1318 natalium
344 1267 634 1332 splendore,
658 1283 778 1316 cum
802 1269 900 1330 ipsa
911 1268 1111 1317 Pallade
1129 1280 1392 1317 certarent.
1490 1265 1691 1325 Lustra,
1716 1269 1752 1319 fi
1775 1271 1849 1320 lu-

79 1331 180 1386 bet,
204 1330 547 1397 prodigiosos,
569 1345 701 1392 quos
732 1330 876 1377 nullo
905 1345 1017 1378 non
1046 1343 1282 1394 tempore
1314 1328 1543 1385 edidere,
1597 1344 1730 1381 artus
1748 1368 1762 1385 ,
1795 1336 1849 1385 δε

81 1391 394 1459 obstupesces
416 1394 621 1442 Naturae
647 1392 913 1445 miracula,
933 1407 1043 1439 non
1064 1405 1259 1454 aequata
1279 1391 1446 1442 modo
1464 1426 1477 1447 ,
1497 1393 1542 1441 se
1605 1395 1844 1458 superata.

81 1457 223 1517 Quid
250 1458 534 1520 linguarum
562 1456 798 1503 varietate
831 1453 1046 1504 divinius
1072 1456 1088 1502 ἒ
1140 1454 1323 1503 secreta
1357 1457 1512 1504 animi
1550 1458 1846 1520 pandimus,

82 1534 192 1584 quae
217 1515 334 1568 licet
355 1533 473 1567 aure
493 1519 729 1595 percipias
745 1550 759 1572 ,
778 1516 865 1566 nisi
885 1517 1037 1566 velim
1054 1549 1067 1571 ,
1092 1532 1357 1580 nunquam
1378 1520 1633 1583 percipies.
1702 1520 1849 1569 Idem

80 1583 394 1633 vocabulum
416 1580 747 1645 plurifariam,
775 1577 886 1629 imo
909 1576 937 1629 ὲ
956 1580 1179 1646 pauculis
1205 1581 1401 1636 litteriS,
1430 1581 1623 1631 infinita
1654 1581 1846 1632 forma·

79 1661 193 1695 mus
219 1644 494 1695 vocabula:
532 1646 582 1693 ὅ(
606 1645 714 1706 quis
737 1643 800 1692 ad
821 1655 927 1692 tam
954 1643 1143 1693 arstam
1166 1646 1429 1709 epitomen
1444 1678 1457 1699 ,
1474 1645 1709 1695 discursus
1733 1662 1847 1696 om·

0 1712 2 1740 5
77 1724 165 1758 nes
185 1710 333 1757 novit
354 1705 682 1756 contrahere?
703 1707 1000 1755 Intellectus.
1069 1704 1234 1770 Quod
1255 1707 1498 1762 limaturae
1516 1706 1661 1763 vitio,
1675 1710 1846 1774 lingua

76 1772 346 1836 denegaret
372 1768 620 1824 officium,
640 1768 895 1819 defectum
916 1769 1108 1835 supplet
1127 1770 1530 1837 Orthographia:
1566 1774 1713 1838 ponit
1734 1773 1844 1822 haec

0 1854 5 1859 ·
79 1836 304 1899 linguam
321 1836 372 1883 in
393 1832 648 1888 manibus,
671 1845 725 1882 ut
751 1834 1027 1896 loquamur
1044 1849 1132 1899 per
1150 1834 1399 1888 calamos,
1420 1851 1510 1900 per
1533 1832 1762 1899 epistolas
1779 1836 1845 1885 al-

79 1899 353 1960 loquamur
371 1897 606 1946 absentes.
661 1898 722 1946 Et
740 1895 776 1945 fi>
796 1898 1004 1961 ingenio
1030 1897 1250 1962 gloriam
1274 1895 1410 1948 forte
1434 1900 1548 1948 Fata
1564 1899 1839 1955 invideant,
1924 1944 1931 1953 ,

79 1963 253 2010 victura
278 1964 379 2006 meis
399 1962 655 2006 mandantur
680 1962 851 2006 nomina
877 1960 1061 2007 charth:
1099 1962 1150 2010 ὃς
1169 1962 1278 2023 quis
1306 1958 1394 2010 ista
1422 1962 1679 2011 adinvenit
1697 1962 1842 2012 subfi-
1873 1938 2032 1994 Ubuu·

0 2031 1 2035 ’
81 2024 190 2074 dia?
217 2022 514 2073 Intellectus.
569 2021 746 2094 'Qod
765 2023 800 2072 si
815 2022 1249 2089 Orthographicus
1272 2023 1419 2073 labor
1436 2025 1696 2082 deterreat,
1706 2023 1843 2075 adest

79 2085 466 2152 Typographia,
501 2101 637 2143 cujus
659 2086 909 2137 beneficio
943 2088 1051 2154 plus
1079 2102 1178 2136 una
1210 2087 1337 2139 dies,
1368 2087 1524 2151 quam
1553 2104 1747 2139 annuus
1775 2090 1841 2139 la-
1871 2076 1921 2124 V
1912 2078 2041 2125 Olate-

76 2150 194 2204 bor,
209 2147 547 2199 Amanuenfis
567 2146 778 2199 minime
797 2150 973 2206 otiosi,
999 2149 1146 2201 edere
1164 2147 1329 2215 potest
1346 2153 1399 2200 in
1421 2152 1616 2202 lucem:
1655 2156 1706 2204 ὃ(
1730 2155 1838 2217 quis
1871 2142 2028 2213 ranst-3
2041 2153 2082 2199 5·

81 2213 249 2264 divina
268 2213 461 2261 invenit
478 2210 583 2260 haec
600 2212 931 2263 adminicula?
951 2216 1124 2278 utique
1145 2215 1443 2264 Intelledms.
1511 2216 1648 2266 Sileo
1667 2229 1748 2266 tot
1768 2219 1839 2266 in·
1870 2208 1910 2249 P
1910 2204 2079 2266 ‘’dmg-

83 2277 210 2342 genii
237 2275 451 2330 decora,
479 2286 609 2338 quot
636 2276 771 2327 orbis
800 2276 999 2328 exhibet
1031 2277 1319 2328 volumina:
1357 2276 1522 2328 effecit
1545 2279 1619 2328 his
1643 2280 1838 2330 Intelle-

83 2340 215 2393 ctus,
238 2351 293 2387 ut
318 2341 471 2387 ctiam
491 2339 758 2395 mortaleS,
779 2341 1216 2391 immortalitatem
1243 2341 1467 2407 Superis,
1486 2342 1698 2409 amplius
1727 2358 1835 2391 non

84 2403 388 2454 inviderent:
423 2402 602 2451 scilicet
633 2406 734 2452 Ars
763 2403 929 2464 longum
955 2406 1163 2466 scriptori
1180 2415 1387 2466 prorogat
1415 2422 1565 2456 aevum.
1663 2407 1755 2456 Per
1784 2405 1835 2453 li-
1863 2393 2024 2444 Hom?-

84 2466 205 2516 bros
224 2467 404 2517 vivunt
427 2466 579 2514 etiam
610 2467 826 2520 mortui,
855 2469 971 2530 quia
999 2467 1272 2519 nobiscum
1294 2469 1602 2533 loquuntur,
1623 2468 1679 2518 iit
1705 2469 1832 2517 vivi:

88 2529 416 2580 auscultamus
432 2528 545 2582 illos
567 2527 776 2586 silentes,
791 2529 1008 2581 absentes
1029 2531 1334 2583 consulimus
1347 2566 1361 2588 ,
1377 2536 1428 2584 ὃς
1446 2550 1552 2584 nun
1593 2546 1710 2580 uam
1731 2545 1835 2580 me-

0 2594 15 2638 i
83 2591 180 2645 ‘lius
200 2593 455 2650 discimus,
478 2590 634 2656 quam
663 2593 749 2646 ubi
769 2595 956 2646 cineres
984 2594 1202 2655 docent,
1226 2597 1278 2651 ὅ(
1304 2596 1367 2650 de
1389 2596 1537 2650 rebus
1597 2593 1835 2646 iscurrunt

902 2658 954 2712 H
1548 2655 1768 2712 Umbrae.
