2175 2911
723 111 904 174 Oedipus
929 112 1139 174 Phyficm,
1654 127 1742 176 195

27 254 30 258 ,
69 209 220 258 noxia
241 204 461 272 fugiant,
485 204 623 254 utilia
651 204 1032 269 prosequantur.
1097 207 1178 256 Sic
1205 210 1381 257 Hedera
1401 213 1641 274 parietem
1663 214 1817 263 ruitu-

58 288 180 332 rum
202 285 312 320 non
335 267 500 319 minus
524 264 752 331 provide,
766 267 920 332 quam
946 267 1249 333 tempestive>
1297 272 1548 324 erhibetur
1577 275 1814 326 deserere.

67 337 147 384 Sic
176 345 468 383 cucumeres
498 329 561 379 ad
595 342 731 380 terrae
763 331 1067 384 humorem,
1087 347 1195 394 quo
1227 352 1251 382 a
1313 336 1507 387 uentiiis
1527 340 1819 401 irrigentur,

71 406 376 463 perreptant:
412 396 464 444 ὃς
484 394 659 443 oleum
675 427 688 448 ,
705 409 811 457 quo
834 393 1008 459 perfusi
1030 399 1362 453 emoriuntur,
1379 401 1531 462 usquc
1552 400 1682 451 adeo
1704 403 1822 451 hor-

68 473 206 513 rent,
230 469 283 506 ut
301 472 367 506 co
391 456 644 522 supposito
671 470 1009 507 recurvcntur.
1097 460 1223 507 Non
1252 477 1380 526 opus
1403 462 1471 512 est
1498 464 1720 529 pluribus
1741 466 1824 513 dc-

69 518 376 575 monstrare,
395 521 541 584 quod
578 521 871 570 animalium
903 535 1078 574 more,
1099 521 1325 572 laetentur
1345 524 1553 585 fbliorum
1577 540 1675 573 ortu
1690 552 1708 580 ‚·
1742 530 1822 577 tri·
1850 526 2063 583 Anaxag.

0 621 1 625 ,
68 582 256 634 stentur
271 581 473 638 fibliorum
492 580 688 643 defluxu,·
708 584 851 647 quod
868 583 1128 631 delessentur
1153 584 1337 648 pluvia,
1351 592 1401 639 ὅ(
1417 591 1660 655 explicent
1683 590 1824 640 fron·

0 699 1 704 ,
72 649 183 700 des;
219 646 425 696 ardente
442 647 603 698 Coelo
630 648 826 706 lugeant,
849 650 903 698 &
933 647 1237 702 contabescant.
1305 652 1469 705 Sileo,
1496 651 1640 715 quod
1669 664 1822 714 proge.

0 711 1 764 ἶ
66 723 219 759 nerent
237 725 450 762 vermes,
463 724 596 772 quos
614 712 665 758 in
678 711 888 774 Ocymo
912 707 1069 773 ocyus
1092 706 1434 773 obstupesces:
1468 713 1614 778 quod
1633 729 1823 765 utrum-

0 768 3 827 ἶ
68 789 171 838 que
195 785 466 822 numerent
487 774 673 825 sexum,
696 787 852 834 quem
871 775 924 822 in
947 773 1104 825 Ulmo
1126 773 1334 829 videbis,
1356 780 1405 826 &
1426 779 1562 832 Vite,
1579 793 1706 841 quae,
1732 781 1825 829 pli..

0 872 3 889 γ
74 841 163 892 nio
183 834 321 889 teste,
345 838 478 881 etiam
500 837 670 894 Populus
687 834 845 881 nubere
868 836 1291 899 comprobantur.
1376 841 1466 888 Hae
1482 874 1496 893 ,
1520 843 1746 904 inquam,
1771 841 1826 893 fi-

72 902 156 950 leo
171 932 183 951 ,
203 913 313 960 quae
334 912 426 968 pro
449 897 530 944 sua
551 898 718 945 domo
740 912 849 945 non
881 900 1091 948 inaniter
1111 902 1161 947 in
1182 900 1409 949 medium
1438 901 1672 951 afferrent
1692 906 1829 966 plan-

2 978 6 1025 }
60 975 149 1014 tae,
174 960 210 1010 si
232 961 375 1022 loqui
402 958 612 1023 possent.
682 962 753 1009 Ita
775 972 954 1010 contra
977 977 1314 1012 communem
1334 964 1526 1013 sensum
1545 964 1710 1014 herbis
1730 965 1831 1014 sen-

71 1026 182 1076 sum
203 1024 469 1073 vendicare
497 1023 542 1070 se
572 1035 711 1086 putat
734 1021 814 1070 hic
834 1023 1095 1073 insensatus
1119 1027 1356 1079 caulium,
1380 1027 1685 1091 olerumque
1707 1029 1832 1093 Syn-

3 1091 7 1143 ἶ
77 1089 243 1138 dicus,
263 1102 320 1134 ac
343 1087 604 1134 Patronus.
704 1085 800 1134 Sed
828 1086 948 1146 quid
976 1085 1240 1142 existimas,
1261 1104 1323 1137 an
1347 1089 1413 1138 sat
1437 1094 1604 1153 gravia
1627 1091 1733 1140 haec
1759 1107 1833 1142 ra-

77 1156 282 1259 tionugcn
304 1162 571 1196 momenta
588 1180 600 1201 ‚
624 1160 678 1196 ut
706 1147 867 1205 judicii
888 1150 1098 1198 ⁴lancem
1122 1148 1186 1198 fic
1207 1151 1270 1199 ab
1295 1153 1574 1216 aequilibrio
1597 1155 1834 1205 Veritatis

5 1219 9 1265 Ξ
81 1214 237 1265 defle-2
259 1214 374 1260 ant?

6 1269 9 1295 ³
206 1276 362 1322 MEL:
432 1271 672 1323 ProfeAEto
703 1273 766 1322 de
798 1275 1048 1331 eiusmodi
1081 1276 1293 1341 Ephoris
1328 1270 1437 1329 non
1468 1282 1680 1330 inaniter
1706 1280 1837 1331 Var-

2 1368 10 1407 :l
60 1356 167 1391 10:
205 1340 432 1397 AEgrotum
456 1340 666 1382 neminem
677 1337 891 1393 fhmniare
913 1339 1167 1400 quidquam,
1191 1343 1299 1403 quod
1315 1359 1396 1388 non
1412 1342 1440 1389 ἀ
1464 1347 1661 1406 quopiam
1686 1345 1838 1392 Philo-

8 1409 10 1456 ζ
67 1404 198 1465 ,μρὴο
215 1399 434 1460 afferatur.
503 1397 830 1461 Audi,quam
849 1400 1082 1449 aculeatis
1103 1404 1315 1452 censuris
1332 1404 1463 1453 hanc
1484 1405 1707 1470 configat
1717 1407 1838 1456 Sen-

9 1465 12 1530 l
81 1468 290 1516 tentiam
307 1496 320 1516 ‚
340 1464 391 1511 in
413 1461 726 1528 Hipponcnli
745 1464 975 1527 Peripato
992 1495 1006 1515 ,
1028 1462 1362 1529 Augustinus:
1401 1468 1525 1516 dum
1550 1483 1664 1517 eam
1685 1481 1837 1518 vocat

0 1542 13 1585 ἢ
85 1545 273 1578 errorem
282 1527 536 1585 sacrilegum
549 1561 562 1576 ‚
584 1527 851 1585 impietatem
873 1526 1141 1580 rusticanam,
1157 1527 1371 1593 magisque
1391 1531 1592 1589 ligneam,
1611 1531 1736 1595 quam
1750 1531 1840 1590 fine

0 1585 13 1650 ξῖ
68 1594 175 1656 ,ipsae
203 1591 402 1644 arbores,
423 1588 575 1653 quibus
597 1592 914 1647 patrocinatur.
1016 1592 1078 1639 Et
1095 1592 1278 1640 Hercle
1316 1607 1609 1656 argumenta
1640 1594 1746 1644 haec
1775 1594 1841 1645 fic

0 1662 14 1730 ζ
86 1658 196 1708 sunt
220 1654 375 1704 futilia
391 1686 405 1707 ,
426 1665 481 1701 ut
496 1648 625 1717 pene
650 1652 833 1716 pudeat
855 1655 906 1701 in
934 1651 1007 1701 his
1031 1654 1209 1718 Apinis
1225 1688 1238 1709 ,
1258 1653 1494 1719 tricisque
1516 1660 1677 1707 tricari
1699 1659 1845 1723 pluri-

7 1734 16 1781 ς
65 1722 199 1772 bus.
251 1716 472 1769 Duobus
491 1718 706 1766 verbulis
724 1731 844 1780 cape
866 1717 1171 1767 solutionem
1192 1719 1519 1769 Laconicam.
1589 1721 1857 1786 Appetunt

2 1806 16 1850 „g
90 1784 295 1849 plantae,
319 1781 541 1846 appetitu
563 1795 748 1843 nempe
770 1782 971 1829 innat02
1009 1794 1207 1837 amant,
1239 1787 1289 1833 ὅ(
1311 1783 1595 1833 aversantur
1628 1788 1850 1850 proprie-

14 1877 15 1883 κ
94 1858 195 1894 tate
223 1840 464 1908 analoga,
484 1858 639 1906 quarn
671 1845 868 1894 veriore
893 1845 1179 1898 vocabulo,
1199 1863 1284 1910 per
1314 1847 1698 1910 antipa-thicam,
1725 1850 1851 1913 sym-

15 1924 17 1965 5
95 1907 451 1977 pathicamque
479 1909 714 1956 virtutem
748 1908 975 1971 exprimit
998 1907 1352 1974 Philosophia·
1414 1911 1585 1966 Plura,
1606 1913 1693 1975 qui
1714 1913 1850 1969 velit,

74 1975 247 2026 tetiam
279 1973 551 2021 inanimata
582 1972 824 2021 animabit
854 1986 1018 2021 novus
1047 1972 1408 2028 Prometheus,
1439 1972 1558 2023 cum
1587 1978 1637 2025 ὃς
1665 1975 1851 2039 lapides

17 2055 19 2068 „
96 2034 322 2087 tendant,
343 2033 483 2082 simili
502 2050 695 2090 amore,
719 2035 782 2084 ad
813 2047 1069 2088 centrum,
1089 2038 1139 2085 δε
1160 2037 1284 2100 ignis
1308 2037 1584 2103 aspersione
1606 2038 1763 2088 fontis
1787 2039 1854 2086 le-

17 2101 20 2117 ¹
100 2102 225 2150 viter
250 2094 524 2163 perstrictus
549 2130 563 2151 ,
593 2114 714 2148 mox
749 2097 978 2147 irascatur
997 2131 1010 2152 ,
1046 2098 1334 2163 faCtamque
1366 2102 1594 2158 injuriam
1620 2100 1854 2151 insolenti

101 2159 304 2226 strepitu
324 2157 635 2226 protestetur.
719 2163 799 2211 Sic
823 2162 971 2209 ctiam
1003 2163 1180 2228 plantae
1199 2164 1454 2228 refugiunt
1480 2167 1629 2214 noxia
1645 2198 1658 2219 ,
1685 2162 1853 2213 multo

102 2224 215 2277 sane
247 2223 464 2282 cautius,
487 2223 641 2287 quam
677 2224 1031 2288 Campanella:
1080 2241 1169 2275 cur
1203 2229 1324 2291 ergo
1351 2243 1460 2276 non
1484 2225 1653 2277 anima
1678 2229 1854 2278 viliore

104 2301 402 2341 contentus,
430 2288 605 2352 plantis
635 2287 838 2351 assignat
868 2290 1194 2349 rationalem,
1224 2303 1279 2338 ut
1307 2307 1424 2340 cum
1455 2291 1772 2343 Manichaeis,
1795 2304 1854 2338 ex

21 2396 26 2410 ‚
105 2354 345 2418 decerpto
365 2350 627 2403 fruCtuwel
652 2352 841 2401 arboris
858 2351 1270 2410 folio,homicidij
1284 2369 1397 2403 reos
1416 2370 1512 2404 nos
1533 2354 1852 2404 criminetur?

0 2417 24 2469 ’ζ
95 2432 292 2483 nempe
313 2416 685 2481 propinquitate
707 2412 788 2464 sua
804 2448 816 2469 ,
841 2415 917 2464 vel
935 2416 1156 2467 invicem
1186 2417 1446 2472 auferunt,
1470 2418 1551 2468 vel
1570 2417 1855 2467 communi-

23 2492 26 2535 ἴ
111 2496 228 2532 cant
259 2480 456 2533 succos,
486 2481 654 2532 utiles,
675 2475 947 2528 noxiosve:
979 2479 1096 2528 hinc
1127 2481 1217 2529 illae
1242 2482 1475 2530 societate
1496 2480 1590 2530 hac
1615 2479 1855 2534 crescunt,

25 2600 27 2608 ‚
76 2587 81 2591 .
112 2545 215 2597 aliae
238 2544 539 2596 exarescunt.
603 2540 768 2614 Qod
784 2555 952 2593 autem
971 2541 1174 2598 affectus
1190 2549 1400 2610 quoque
1411 2544 1588 2613 plantis
1607 2542 1858 2615 attribuat,

873 2606 921 2657 C
938 2621 966 2657 c
999 2620 1029 2653 2
1600 2613 1814 2656 mirum·
