<?xml version="1.0" encoding="UTF-8"?>
<!DOCTYPE html PUBLIC "-//W3C//DTD XHTML 1.0 Transitional//EN"
    "http://www.w3.org/TR/xhtml1/DTD/xhtml1-transitional.dtd">
<html xmlns="http://www.w3.org/1999/xhtml" xml:lang="en" lang="en">
 <head>
  <title>
</title>
<meta http-equiv="Content-Type" content="text/html;charset=utf-8" />
  <meta name='ocr-system' content='tesseract 3.04.00' />
  <meta name='ocr-capabilities' content='ocr_page ocr_carea ocr_par ocr_line ocrx_word'/>
</head>
<body>
  <div class='ocr_page' id='page_1' title='image "./nostritemporisph00schw_0491.png"; bbox 0 0 2175 2911; ppageno 0'>
   <div class='ocr_carea' id='block_1_1' title="bbox 0 1751 25 2901">
    <p class='ocr_par' dir='ltr' id='par_1_1' title="bbox 0 1751 25 2901">
     <span class='ocr_line' id='line_1_1' title="bbox 0 1751 25 2901; baseline 0 0"><span class='ocrx_word' id='word_1_1' title='bbox 0 1751 25 2901; x_wconf 95' lang='lat' dir='ltr'> </span> 
     </span>
    </p>
   </div>
   <div class='ocr_carea' id='block_1_2' title="bbox 742 112 1755 174">
    <p class='ocr_par' dir='ltr' id='par_1_2' title="bbox 742 112 1755 174">
     <span class='ocr_line' id='line_1_2' title="bbox 742 112 1755 174; baseline 0 -11"><span class='ocrx_word' id='word_1_2' title='bbox 742 114 923 174; x_wconf 74' lang='lat' dir='ltr'>Oedipus</span> <span class='ocrx_word' id='word_1_3' title='bbox 942 112 1153 174; x_wconf 83' lang='lat' dir='ltr'><em>Phyficus.</em></span> <span class='ocrx_word' id='word_1_4' title='bbox 1665 115 1755 174; x_wconf 79' lang='lat'>189</span> 
     </span>
    </p>
   </div>
   <div class='ocr_carea' id='block_1_3' title="bbox 0 206 1830 1283">
    <p class='ocr_par' dir='ltr' id='par_1_3' title="bbox 0 206 1830 1283">
     <span class='ocr_line' id='line_1_3' title="bbox 65 206 1820 275; baseline -0.002 -16"><span class='ocrx_word' id='word_1_5' title='bbox 65 208 221 260; x_wconf 85' lang='lat' dir='ltr'>strum</span> <span class='ocrx_word' id='word_1_6' title='bbox 234 244 246 266; x_wconf 91' lang='lat'>‚</span> <span class='ocrx_word' id='word_1_7' title='bbox 270 210 416 275; x_wconf 89' lang='lat' dir='ltr'>quod</span> <span class='ocrx_word' id='word_1_8' title='bbox 433 210 544 259; x_wconf 84' lang='lat' dir='ltr'>duo</span> <span class='ocrx_word' id='word_1_9' title='bbox 562 223 781 274; x_wconf 79' lang='lat' dir='ltr'>corpora</span> <span class='ocrx_word' id='word_1_10' title='bbox 797 210 849 258; x_wconf 88' lang='lat' dir='ltr'>in</span> <span class='ocrx_word' id='word_1_11' title='bbox 873 206 1117 257; x_wconf 86' lang='lat' dir='ltr'>umbilico</span> <span class='ocrx_word' id='word_1_12' title='bbox 1129 208 1195 257; x_wconf 84' lang='lat' dir='ltr'>fic</span> <span class='ocrx_word' id='word_1_13' title='bbox 1213 208 1466 259; x_wconf 83' lang='lat' dir='ltr'>adunabat</span> <span class='ocrx_word' id='word_1_14' title='bbox 1478 243 1491 264; x_wconf 90' lang='lat'>,</span> <span class='ocrx_word' id='word_1_15' title='bbox 1503 221 1560 259; x_wconf 88' lang='lat' dir='ltr'>ut</span> <span class='ocrx_word' id='word_1_16' title='bbox 1569 222 1684 257; x_wconf 84' lang='lat' dir='ltr'>raro</span> <span class='ocrx_word' id='word_1_17' title='bbox 1697 210 1820 256; x_wconf 88' lang='lat' dir='ltr'>ami-</span> 
     </span>
     <span class='ocr_line' id='line_1_4' title="bbox 68 269 1820 338; baseline -0.002 -17"><span class='ocrx_word' id='word_1_18' title='bbox 68 277 192 323; x_wconf 89' lang='lat' dir='ltr'>citiae</span> <span class='ocrx_word' id='word_1_19' title='bbox 214 275 449 338; x_wconf 88' lang='lat' dir='ltr'>symbolo</span> <span class='ocrx_word' id='word_1_20' title='bbox 462 305 480 326; x_wconf 80' lang='lat'>,</span> <span class='ocrx_word' id='word_1_21' title='bbox 497 287 591 321; x_wconf 86' lang='lat' dir='ltr'>cor</span> <span class='ocrx_word' id='word_1_22' title='bbox 609 288 769 321; x_wconf 85' lang='lat' dir='ltr'>unum</span> <span class='ocrx_word' id='word_1_23' title='bbox 784 269 996 324; x_wconf 75' lang='lat' dir='ltr'>dixisses,</span> <span class='ocrx_word' id='word_1_24' title='bbox 1020 287 1081 318; x_wconf 92' lang='lat' dir='ltr'>an</span> <span class='ocrx_word' id='word_1_25' title='bbox 1101 274 1152 322; x_wconf 87' lang='lat'>&amp;</span> <span class='ocrx_word' id='word_1_26' title='bbox 1172 275 1392 321; x_wconf 88' lang='lat' dir='ltr'>animam</span> <span class='ocrx_word' id='word_1_27' title='bbox 1408 288 1562 320; x_wconf 90' lang='lat' dir='ltr'>unam</span> <span class='ocrx_word' id='word_1_28' title='bbox 1576 305 1590 325; x_wconf 94' lang='lat'>,</span> <span class='ocrx_word' id='word_1_29' title='bbox 1610 271 1695 319; x_wconf 88' lang='lat' dir='ltr'>sub</span> <span class='ocrx_word' id='word_1_30' title='bbox 1714 270 1820 335; x_wconf 87' lang='lat' dir='ltr'>phi-</span> 
     </span>
     <span class='ocr_line' id='line_1_5' title="bbox 66 333 1817 401; baseline -0.002 -17"><span class='ocrx_word' id='word_1_31' title='bbox 66 336 332 401; x_wconf 88' lang='lat' dir='ltr'>losophico</span> <span class='ocrx_word' id='word_1_32' title='bbox 342 335 524 394; x_wconf 86' lang='lat' dir='ltr'>Judice</span> <span class='ocrx_word' id='word_1_33' title='bbox 541 334 682 383; x_wconf 87' lang='lat' dir='ltr'>sudat</span> <span class='ocrx_word' id='word_1_34' title='bbox 697 334 981 401; x_wconf 75' lang='lat' dir='ltr'><strong>problema.</strong></span> <span class='ocrx_word' id='word_1_35' title='bbox 1023 334 1164 398; x_wconf 84' lang='lat' dir='ltr'>Qid</span> <span class='ocrx_word' id='word_1_36' title='bbox 1187 347 1239 384; x_wconf 91' lang='lat' dir='ltr'>tu</span> <span class='ocrx_word' id='word_1_37' title='bbox 1258 336 1320 384; x_wconf 91' lang='lat' dir='ltr'>ad</span> <span class='ocrx_word' id='word_1_38' title='bbox 1340 333 1457 383; x_wconf 72' lang='lat' dir='ltr'>ista?</span> <span class='ocrx_word' id='word_1_39' title='bbox 1523 336 1678 383; x_wconf 75' lang='lat' dir='ltr'><strong><em>MEL.</em></strong></span> <span class='ocrx_word' id='word_1_40' title='bbox 1713 335 1817 383; x_wconf 86' lang='lat' dir='ltr'>Sta·</span> 
     </span>
     <span class='ocr_line' id='line_1_6' title="bbox 0 396 1816 463; baseline -0.002 -16"><span class='ocrx_word' id='word_1_41' title='bbox 0 433 1 437; x_wconf 65' lang='lat'>,</span> <span class='ocrx_word' id='word_1_42' title='bbox 66 398 320 463; x_wconf 82' lang='lat' dir='ltr'>giritamfi</span> <span class='ocrx_word' id='word_1_43' title='bbox 337 398 601 451; x_wconf 70' lang='lat' dir='ltr'>censuras,</span> <span class='ocrx_word' id='word_1_44' title='bbox 637 413 695 446; x_wconf 86' lang='lat' dir='ltr'>ex</span> <span class='ocrx_word' id='word_1_45' title='bbox 724 414 831 447; x_wconf 93' lang='lat' dir='ltr'>uno</span> <span class='ocrx_word' id='word_1_46' title='bbox 856 429 873 451; x_wconf 84' lang='lat'>,</span> <span class='ocrx_word' id='word_1_47' title='bbox 904 396 986 447; x_wconf 75' lang='lat' dir='ltr'>vei</span> <span class='ocrx_word' id='word_1_48' title='bbox 1000 398 1209 460; x_wconf 81' lang='lat' dir='ltr'>gemino</span> <span class='ocrx_word' id='word_1_49' title='bbox 1242 398 1400 448; x_wconf 90' lang='lat' dir='ltr'>corde</span> <span class='ocrx_word' id='word_1_50' title='bbox 1429 398 1571 446; x_wconf 87' lang='lat' dir='ltr'>litem</span> <span class='ocrx_word' id='word_1_51' title='bbox 1594 397 1816 446; x_wconf 83' lang='lat' dir='ltr'>decidet:</span> 
     </span>
     <span class='ocr_line' id='line_1_7' title="bbox 0 458 1820 525; baseline -0.002 -16"><span class='ocrx_word' id='word_1_52' title='bbox 0 462 25 509; x_wconf 80' lang='grc' dir='ltr'>ὲ-</span> <span class='ocrx_word' id='word_1_53' title='bbox 67 462 207 512; x_wconf 85' lang='lat' dir='ltr'>aliter</span> <span class='ocrx_word' id='word_1_54' title='bbox 227 460 354 510; x_wconf 82' lang='lat' dir='ltr'>sacra</span> <span class='ocrx_word' id='word_1_55' title='bbox 377 459 625 511; x_wconf 86' lang='lat' dir='ltr'>Sorbonae</span> <span class='ocrx_word' id='word_1_56' title='bbox 645 461 855 511; x_wconf 85' lang='lat' dir='ltr'>Themis</span> <span class='ocrx_word' id='word_1_57' title='bbox 875 492 892 514; x_wconf 89' lang='lat'>,</span> <span class='ocrx_word' id='word_1_58' title='bbox 924 475 1046 508; x_wconf 87' lang='lat' dir='ltr'>nam</span> <span class='ocrx_word' id='word_1_59' title='bbox 1061 460 1141 508; x_wconf 86' lang='lat' dir='ltr'>vel</span> <span class='ocrx_word' id='word_1_60' title='bbox 1162 464 1419 525; x_wconf 87' lang='lat' dir='ltr'>geminam</span> <span class='ocrx_word' id='word_1_61' title='bbox 1450 461 1674 509; x_wconf 85' lang='lat' dir='ltr'>animam</span> <span class='ocrx_word' id='word_1_62' title='bbox 1700 458 1820 508; x_wconf 88' lang='lat' dir='ltr'>huic</span> 
     </span>
     <span class='ocr_line' id='line_1_8' title="bbox 0 521 1821 591; baseline -0.002 -18"><span class='ocrx_word' id='word_1_63' title='bbox 0 586 1 591; x_wconf 12' lang='lat'>¹</span> <span class='ocrx_word' id='word_1_64' title='bbox 67 521 305 573; x_wconf 85' lang='lat' dir='ltr'>monstro</span> <span class='ocrx_word' id='word_1_65' title='bbox 322 523 537 578; x_wconf 82' lang='lat' dir='ltr'>addixit,</span> <span class='ocrx_word' id='word_1_66' title='bbox 553 525 634 575; x_wconf 83' lang='lat' dir='ltr'>vel</span> <span class='ocrx_word' id='word_1_67' title='bbox 653 529 917 587; x_wconf 87' lang='lat' dir='ltr'>geminum</span> <span class='ocrx_word' id='word_1_68' title='bbox 945 521 1114 572; x_wconf 88' lang='lat' dir='ltr'>saltem</span> <span class='ocrx_word' id='word_1_69' title='bbox 1125 523 1363 588; x_wconf 84' lang='lat' dir='ltr'>baptisma</span> <span class='ocrx_word' id='word_1_70' title='bbox 1384 527 1433 573; x_wconf 91' lang='lat' dir='ltr'>in</span> <span class='ocrx_word' id='word_1_71' title='bbox 1452 522 1611 572; x_wconf 89' lang='lat' dir='ltr'>dubio</span> <span class='ocrx_word' id='word_1_72' title='bbox 1633 521 1821 579; x_wconf 87' lang='lat' dir='ltr'>adjudi-</span> 
     </span>
     <span class='ocr_line' id='line_1_9' title="bbox 0 583 1824 650; baseline -0.002 -15"><span class='ocrx_word' id='word_1_73' title='bbox 0 599 1 609; x_wconf 69' lang='grc'>’</span> <span class='ocrx_word' id='word_1_74' title='bbox 66 589 215 636; x_wconf 83' lang='lat' dir='ltr'>cavit.</span> <span class='ocrx_word' id='word_1_75' title='bbox 282 583 434 636; x_wconf 73' lang='lat' dir='ltr'>Certe</span> <span class='ocrx_word' id='word_1_76' title='bbox 458 603 568 637; x_wconf 87' lang='lat' dir='ltr'>non</span> <span class='ocrx_word' id='word_1_77' title='bbox 589 588 819 638; x_wconf 78' lang='lat' dir='ltr'>absimilis</span> <span class='ocrx_word' id='word_1_78' title='bbox 875 588 1075 640; x_wconf 82' lang='lat' dir='ltr'>ortenti,</span> <span class='ocrx_word' id='word_1_79' title='bbox 1087 589 1287 650; x_wconf 86' lang='lat' dir='ltr'>gemina</span> <span class='ocrx_word' id='word_1_80' title='bbox 1311 587 1497 641; x_wconf 87' lang='lat' dir='ltr'>fronte,</span> <span class='ocrx_word' id='word_1_81' title='bbox 1513 597 1731 649; x_wconf 86' lang='lat' dir='ltr'>quatuor</span> <span class='ocrx_word' id='word_1_82' title='bbox 1741 598 1824 649; x_wconf 91' lang='lat' dir='ltr'>pe-</span> 
     </span>
     <span class='ocr_line' id='line_1_10' title="bbox 66 648 1822 715; baseline -0.002 -18.109"><span class='ocrx_word' id='word_1_83' title='bbox 66 649 226 704; x_wconf 87' lang='lat' dir='ltr'>dibus,</span> <span class='ocrx_word' id='word_1_84' title='bbox 248 648 577 715; x_wconf 74' lang='lat' dir='ltr'>manibusque</span> <span class='ocrx_word' id='word_1_85' title='bbox 593 648 824 701; x_wconf 75' lang='lat' dir='ltr'>monstro</span> <span class='ocrx_word' id='word_1_86' title='bbox 848 669 880 703; x_wconf 84' lang='lat'>1,</span> <span class='ocrx_word' id='word_1_87' title='bbox 906 651 1141 698; x_wconf 87' lang='lat' dir='ltr'>meminit</span> <span class='ocrx_word' id='word_1_88' title='bbox 1158 649 1396 699; x_wconf 82' lang='lat' dir='ltr'>Albettus</span> <span class='ocrx_word' id='word_1_89' title='bbox 1417 684 1431 704; x_wconf 89' lang='lat'>‚</span> <span class='ocrx_word' id='word_1_90' title='bbox 1454 664 1507 698; x_wconf 86' lang='lat' dir='ltr'>re</span> <span class='ocrx_word' id='word_1_91' title='bbox 1538 651 1588 699; x_wconf 69' lang='grc' dir='ltr'>ὃς</span> <span class='ocrx_word' id='word_1_92' title='bbox 1609 650 1822 697; x_wconf 86' lang='lat' dir='ltr'>nomine</span> 
     </span>
     <span class='ocr_line' id='line_1_11' title="bbox 67 712 1823 779; baseline -0.003 -16.221"><span class='ocrx_word' id='word_1_93' title='bbox 67 714 288 777; x_wconf 82' lang='lat' dir='ltr'>Magnus</span> <span class='ocrx_word' id='word_1_94' title='bbox 308 746 323 767; x_wconf 82' lang='lat'>‚</span> <span class='ocrx_word' id='word_1_95' title='bbox 345 715 485 776; x_wconf 83' lang='lat' dir='ltr'>quod</span> <span class='ocrx_word' id='word_1_96' title='bbox 515 715 702 779; x_wconf 83' lang='lat' dir='ltr'>duplici</span> <span class='ocrx_word' id='word_1_97' title='bbox 719 712 888 762; x_wconf 58' lang='lat' dir='ltr'>anima</span> <span class='ocrx_word' id='word_1_98' title='bbox 904 713 1239 761; x_wconf 88' lang='lat' dir='ltr'>informatum</span> <span class='ocrx_word' id='word_1_99' title='bbox 1261 745 1274 764; x_wconf 83' lang='lat'>,</span> <span class='ocrx_word' id='word_1_100' title='bbox 1297 712 1497 762; x_wconf 61' lang='lat' dir='ltr'>effeetus</span> <span class='ocrx_word' id='word_1_101' title='bbox 1519 712 1581 760; x_wconf 90' lang='lat' dir='ltr'>ad</span> <span class='ocrx_word' id='word_1_102' title='bbox 1602 712 1757 760; x_wconf 88' lang='lat' dir='ltr'>oculu</span> <span class='ocrx_word' id='word_1_103' title='bbox 1767 724 1823 757; x_wconf 90' lang='lat' dir='ltr'>m</span> 
     </span>
     <span class='ocr_line' id='line_1_12' title="bbox 68 772 1820 841; baseline -0.002 -17"><span class='ocrx_word' id='word_1_104' title='bbox 68 775 245 824; x_wconf 88' lang='lat' dir='ltr'>diversi</span> <span class='ocrx_word' id='word_1_105' title='bbox 266 792 374 824; x_wconf 89' lang='lat' dir='ltr'>non</span> <span class='ocrx_word' id='word_1_106' title='bbox 395 775 678 841; x_wconf 66' lang='lat' dir='ltr'>probarunt</span> <span class='ocrx_word' id='word_1_107' title='bbox 694 776 859 826; x_wconf 60' lang='lat' dir='ltr'>modi)</span> <span class='ocrx_word' id='word_1_108' title='bbox 876 810 888 830; x_wconf 88' lang='lat'>‚</span> <span class='ocrx_word' id='word_1_109' title='bbox 919 775 1001 824; x_wconf 88' lang='lat' dir='ltr'>sed</span> <span class='ocrx_word' id='word_1_110' title='bbox 1029 772 1450 824; x_wconf 62' lang='lat' dir='ltr'>demonstrarunt.</span> <span class='ocrx_word' id='word_1_111' title='bbox 1552 777 1690 826; x_wconf 85' lang='lat' dir='ltr'>Nam</span> <span class='ocrx_word' id='word_1_112' title='bbox 1711 774 1820 821; x_wconf 87' lang='lat' dir='ltr'>dex-</span> 
     </span>
     <span class='ocr_line' id='line_1_13' title="bbox 2 835 1826 903; baseline -0.002 -15"><span class='ocrx_word' id='word_1_113' title='bbox 2 846 5 888; x_wconf 66' lang='grc'><strong>1</strong></span> <span class='ocrx_word' id='word_1_114' title='bbox 65 850 179 888; x_wconf 83' lang='lat' dir='ltr'>tero</span> <span class='ocrx_word' id='word_1_115' title='bbox 200 840 561 903; x_wconf 80' lang='lat' dir='ltr'>praeitacundia</span> <span class='ocrx_word' id='word_1_116' title='bbox 581 839 787 888; x_wconf 86' lang='lat' dir='ltr'>turbido</span> <span class='ocrx_word' id='word_1_117' title='bbox 804 872 821 891; x_wconf 73' lang='lat'>,</span> <span class='ocrx_word' id='word_1_118' title='bbox 837 835 1003 887; x_wconf 66' lang='lat' dir='ltr'>setena</span> <span class='ocrx_word' id='word_1_119' title='bbox 1023 838 1190 887; x_wconf 78' lang='lat' dir='ltr'>fronte</span> <span class='ocrx_word' id='word_1_120' title='bbox 1200 837 1431 903; x_wconf 86' lang='lat' dir='ltr'>pacificus</span> <span class='ocrx_word' id='word_1_121' title='bbox 1450 839 1600 885; x_wconf 81' lang='lat' dir='ltr'>alter:</span> <span class='ocrx_word' id='word_1_122' title='bbox 1622 838 1709 885; x_wconf 88' lang='lat' dir='ltr'>illo</span> <span class='ocrx_word' id='word_1_123' title='bbox 1721 837 1826 884; x_wconf 82' lang='lat' dir='ltr'>De·</span> 
     </span>
     <span class='ocr_line' id='line_1_14' title="bbox 3 897 1826 964; baseline -0.002 -17"><span class='ocrx_word' id='word_1_124' title='bbox 3 902 7 947; x_wconf 69' lang='lat'>‚¹</span> <span class='ocrx_word' id='word_1_125' title='bbox 67 903 348 949; x_wconf 81' lang='lat' dir='ltr'>mocritum</span> <span class='ocrx_word' id='word_1_126' title='bbox 375 912 554 963; x_wconf 81' lang='lat' dir='ltr'>agente</span> <span class='ocrx_word' id='word_1_127' title='bbox 575 934 590 955; x_wconf 89' lang='lat'>,</span> <span class='ocrx_word' id='word_1_128' title='bbox 611 904 924 951; x_wconf 73' lang='lat' dir='ltr'>Heraclitum</span> <span class='ocrx_word' id='word_1_129' title='bbox 945 902 1125 964; x_wconf 83' lang='lat' dir='ltr'>agebat</span> <span class='ocrx_word' id='word_1_130' title='bbox 1143 897 1234 949; x_wconf 85' lang='lat' dir='ltr'>iste</span> <span class='ocrx_word' id='word_1_131' title='bbox 1252 933 1267 954; x_wconf 88' lang='lat'>,</span> <span class='ocrx_word' id='word_1_132' title='bbox 1293 904 1345 951; x_wconf 66' lang='grc' dir='ltr'>ὃς</span> <span class='ocrx_word' id='word_1_133' title='bbox 1371 898 1568 949; x_wconf 85' lang='lat' dir='ltr'>tristitiae</span> <span class='ocrx_word' id='word_1_134' title='bbox 1595 898 1826 961; x_wconf 85' lang='lat' dir='ltr'>lacrymis</span> 
     </span>
     <span class='ocr_line' id='line_1_15' title="bbox 15 963 1826 1028; baseline -0.003 -16"><span class='ocrx_word' id='word_1_135' title='bbox 15 999 23 1006; x_wconf 84' lang='lat'>-</span> <span class='ocrx_word' id='word_1_136' title='bbox 63 964 260 1012; x_wconf 84' lang='lat' dir='ltr'>alterius</span> <span class='ocrx_word' id='word_1_137' title='bbox 281 963 462 1025; x_wconf 80' lang='lat' dir='ltr'>gaudia</span> <span class='ocrx_word' id='word_1_138' title='bbox 490 963 832 1028; x_wconf 82' lang='lat' dir='ltr'>demergebat.</span> <span class='ocrx_word' id='word_1_139' title='bbox 896 965 1018 1015; x_wconf 77' lang='grc' dir='ltr'>Ῐιῑιὸ</span> <span class='ocrx_word' id='word_1_140' title='bbox 1039 976 1255 1013; x_wconf 82' lang='lat' dir='ltr'>mortuo</span> <span class='ocrx_word' id='word_1_141' title='bbox 1280 979 1409 1018; x_wconf 87' lang='lat' dir='ltr'>uno,</span> <span class='ocrx_word' id='word_1_142' title='bbox 1429 963 1690 1027; x_wconf 85' lang='lat' dir='ltr'>supervixit</span> <span class='ocrx_word' id='word_1_143' title='bbox 1719 974 1826 1007; x_wconf 88' lang='lat' dir='ltr'>non</span> 
     </span>
     <span class='ocr_line' id='line_1_16' title="bbox 67 1022 1830 1091; baseline -0.003 -17"><span class='ocrx_word' id='word_1_144' title='bbox 67 1025 191 1074; x_wconf 90' lang='lat' dir='ltr'>nihil</span> <span class='ocrx_word' id='word_1_145' title='bbox 216 1027 431 1074; x_wconf 87' lang='lat' dir='ltr'>alterum</span> <span class='ocrx_word' id='word_1_146' title='bbox 451 1025 767 1081; x_wconf 72' lang='lat' dir='ltr'>monstrum,</span> <span class='ocrx_word' id='word_1_147' title='bbox 786 1031 836 1077; x_wconf 76' lang='lat' dir='ltr'>&lt;Sc</span> <span class='ocrx_word' id='word_1_148' title='bbox 864 1027 1049 1076; x_wconf 73' lang='lat' dir='ltr'>diutius</span> <span class='ocrx_word' id='word_1_149' title='bbox 1074 1025 1401 1091; x_wconf 72' lang='lat' dir='ltr'>supervixisset</span> <span class='ocrx_word' id='word_1_150' title='bbox 1416 1059 1431 1080; x_wconf 93' lang='lat'>,</span> <span class='ocrx_word' id='word_1_151' title='bbox 1468 1024 1555 1072; x_wconf 83' lang='lat' dir='ltr'>nisi</span> <span class='ocrx_word' id='word_1_152' title='bbox 1578 1022 1830 1072; x_wconf 87' lang='lat' dir='ltr'>cadaveris</span> 
     </span>
     <span class='ocr_line' id='line_1_17' title="bbox 66 1086 1828 1153; baseline -0.002 -16"><span class='ocrx_word' id='word_1_153' title='bbox 66 1091 232 1153; x_wconf 82' lang='lat' dir='ltr'>agnati</span> <span class='ocrx_word' id='word_1_154' title='bbox 255 1089 443 1144; x_wconf 78' lang='lat' dir='ltr'>foetor,</span> <span class='ocrx_word' id='word_1_155' title='bbox 476 1089 664 1139; x_wconf 84' lang='lat' dir='ltr'>eodem</span> <span class='ocrx_word' id='word_1_156' title='bbox 687 1090 795 1138; x_wconf 87' lang='lat' dir='ltr'>fato</span> <span class='ocrx_word' id='word_1_157' title='bbox 820 1123 838 1144; x_wconf 85' lang='lat'>,</span> <span class='ocrx_word' id='word_1_158' title='bbox 867 1091 919 1137; x_wconf 86' lang='lat' dir='ltr'>in</span> <span class='ocrx_word' id='word_1_159' title='bbox 950 1089 1205 1139; x_wconf 72' lang='lat' dir='ltr'>tumuinm</span> <span class='ocrx_word' id='word_1_160' title='bbox 1226 1087 1523 1146; x_wconf 82' lang='lat' dir='ltr'>conieciffet.</span> <span class='ocrx_word' id='word_1_161' title='bbox 1591 1088 1709 1136; x_wconf 90' lang='lat' dir='ltr'>Hoc</span> <span class='ocrx_word' id='word_1_162' title='bbox 1723 1086 1828 1134; x_wconf 87' lang='lat' dir='ltr'>Na-</span> 
     </span>
     <span class='ocr_line' id='line_1_18' title="bbox 69 1146 1826 1218; baseline -0.001 -18"><span class='ocrx_word' id='word_1_163' title='bbox 69 1163 192 1200; x_wconf 85' lang='lat' dir='ltr'>turae</span> <span class='ocrx_word' id='word_1_164' title='bbox 220 1152 510 1218; x_wconf 81' lang='lat' dir='ltr'>prodigium</span> <span class='ocrx_word' id='word_1_165' title='bbox 545 1151 803 1217; x_wconf 82' lang='lat' dir='ltr'>obstupuit</span> <span class='ocrx_word' id='word_1_166' title='bbox 826 1154 881 1201; x_wconf 84' lang='lat' dir='ltr'>in</span> <span class='ocrx_word' id='word_1_167' title='bbox 907 1153 1093 1210; x_wconf 83' lang='lat' dir='ltr'>inferiis</span> <span class='ocrx_word' id='word_1_168' title='bbox 1111 1153 1356 1208; x_wconf 83' lang='lat' dir='ltr'>Libitina,</span> <span class='ocrx_word' id='word_1_169' title='bbox 1387 1146 1642 1215; x_wconf 79' lang='lat' dir='ltr'>affixitque</span> <span class='ocrx_word' id='word_1_170' title='bbox 1670 1147 1826 1216; x_wconf 84' lang='lat' dir='ltr'>sepul-</span> 
     </span>
     <span class='ocr_line' id='line_1_19' title="bbox 8 1214 1568 1283; baseline -0.001 -19"><span class='ocrx_word' id='word_1_171' title='bbox 8 1220 11 1276; x_wconf 69' lang='grc' dir='ltr'><em>ξ</em></span> <span class='ocrx_word' id='word_1_172' title='bbox 71 1214 225 1266; x_wconf 69' lang='lat' dir='ltr'>chiali</span> <span class='ocrx_word' id='word_1_173' title='bbox 245 1215 397 1280; x_wconf 85' lang='lat' dir='ltr'>lapidi</span> <span class='ocrx_word' id='word_1_174' title='bbox 422 1215 526 1266; x_wconf 89' lang='lat' dir='ltr'>hoc</span> <span class='ocrx_word' id='word_1_175' title='bbox 547 1215 878 1283; x_wconf 81' lang='lat' dir='ltr'>epitaphium.</span> <span class='ocrx_word' id='word_1_176' title='bbox 1563 1215 1568 1220; x_wconf 83' lang='grc'><em>“</em></span> 
     </span>
    </p>
   </div>
   <div class='ocr_carea' id='block_1_4' title="bbox 409 1328 1504 2593">
    <p class='ocr_par' dir='ltr' id='par_1_4' title="bbox 499 1328 1402 2081">
     <span class='ocr_line' id='line_1_20' title="bbox 653 1328 1252 1387; baseline -0.003 -11"><span class='ocrx_word' id='word_1_177' title='bbox 653 1328 745 1376; x_wconf 67' lang='lat' dir='ltr'>Hic</span> <span class='ocrx_word' id='word_1_178' title='bbox 764 1328 914 1387; x_wconf 75' lang='lat' dir='ltr'>jacent</span> <span class='ocrx_word' id='word_1_179' title='bbox 939 1331 1018 1374; x_wconf 84' lang='lat' dir='ltr'>duo</span> <span class='ocrx_word' id='word_1_180' title='bbox 1045 1329 1252 1384; x_wconf 72' lang='lat' dir='ltr'>homines,</span> 
     </span>
     <span class='ocr_line' id='line_1_21' title="bbox 746 1393 1147 1451; baseline -0.005 -13"><span class='ocrx_word' id='word_1_181' title='bbox 746 1393 808 1438; x_wconf 80' lang='lat' dir='ltr'>Et</span> <span class='ocrx_word' id='word_1_182' title='bbox 829 1408 959 1437; x_wconf 82' lang='lat' dir='ltr'>unum</span> <span class='ocrx_word' id='word_1_183' title='bbox 989 1402 1147 1451; x_wconf 68' lang='lat' dir='ltr'><em>corpus:</em></span> 
     </span>
     <span class='ocr_line' id='line_1_22' title="bbox 552 1453 1357 1514; baseline -0.006 -10"><span class='ocrx_word' id='word_1_184' title='bbox 552 1455 693 1504; x_wconf 74' lang='lat' dir='ltr'>simul</span> <span class='ocrx_word' id='word_1_185' title='bbox 705 1456 824 1506; x_wconf 79' lang='lat' dir='ltr'>nati,</span> <span class='ocrx_word' id='word_1_186' title='bbox 850 1456 906 1502; x_wconf 57' lang='lat' dir='ltr'>eff</span> <span class='ocrx_word' id='word_1_187' title='bbox 918 1462 1027 1514; x_wconf 81' lang='lat' dir='ltr'>pene</span> <span class='ocrx_word' id='word_1_188' title='bbox 1047 1453 1174 1512; x_wconf 80' lang='lat' dir='ltr'>simul</span> <span class='ocrx_word' id='word_1_189' title='bbox 1192 1454 1357 1508; x_wconf 74' lang='lat' dir='ltr'>denari,</span> 
     </span>
     <span class='ocr_line' id='line_1_23' title="bbox 627 1517 1258 1578; baseline -0.005 -13"><span class='ocrx_word' id='word_1_190' title='bbox 627 1517 817 1575; x_wconf 76' lang='lat' dir='ltr'>Diverfh</span> <span class='ocrx_word' id='word_1_191' title='bbox 840 1530 984 1564; x_wconf 80' lang='lat' dir='ltr'>tamen</span> <span class='ocrx_word' id='word_1_192' title='bbox 1011 1517 1228 1578; x_wconf 56' lang='lat' dir='ltr'>horoscopo</span> <span class='ocrx_word' id='word_1_193' title='bbox 1243 1533 1258 1562; x_wconf 72' lang='grc' dir='ltr'><strong><em>ε</em></strong></span> 
     </span>
     <span class='ocr_line' id='line_1_24' title="bbox 893 1582 1025 1627; baseline -0.023 1"><span class='ocrx_word' id='word_1_194' title='bbox 893 1582 1025 1627; x_wconf 80' lang='lat' dir='ltr'>Nam</span> 
     </span>
     <span class='ocr_line' id='line_1_25' title="bbox 631 1642 1263 1703; baseline -0.002 -10"><span class='ocrx_word' id='word_1_195' title='bbox 631 1645 730 1694; x_wconf 80' lang='lat' dir='ltr'>Nil</span> <span class='ocrx_word' id='word_1_196' title='bbox 750 1646 832 1692; x_wconf 69' lang='lat' dir='ltr'>ems</span> <span class='ocrx_word' id='word_1_197' title='bbox 853 1642 1110 1703; x_wconf 64' lang='lat' dir='ltr'>conjunaius</span> <span class='ocrx_word' id='word_1_198' title='bbox 1128 1644 1263 1693; x_wconf 76' lang='lat' dir='ltr'>vixit,</span> 
     </span>
     <span class='ocr_line' id='line_1_26' title="bbox 652 1706 1265 1768; baseline -0.008 -12"><span class='ocrx_word' id='word_1_199' title='bbox 652 1709 745 1756; x_wconf 82' lang='lat' dir='ltr'>Nil</span> <span class='ocrx_word' id='word_1_200' title='bbox 771 1711 852 1756; x_wconf 56' lang='lat' dir='ltr'>illis</span> <span class='ocrx_word' id='word_1_201' title='bbox 870 1706 1099 1768; x_wconf 68' lang='lat' dir='ltr'>sejunffius</span> <span class='ocrx_word' id='word_1_202' title='bbox 1127 1708 1265 1752; x_wconf 81' lang='lat' dir='ltr'>vixit.</span> 
     </span>
     <span class='ocr_line' id='line_1_27' title="bbox 705 1767 1190 1820; baseline -0.012 0"><span class='ocrx_word' id='word_1_203' title='bbox 705 1775 785 1820; x_wconf 82' lang='lat' dir='ltr'>Cor</span> <span class='ocrx_word' id='word_1_204' title='bbox 805 1787 935 1818; x_wconf 79' lang='lat' dir='ltr'>anum</span> <span class='ocrx_word' id='word_1_205' title='bbox 960 1767 1190 1820; x_wconf 76' lang='lat' dir='ltr'>habebant,</span> 
     </span>
     <span class='ocr_line' id='line_1_28' title="bbox 499 1829 1402 1893; baseline -0.011 -7"><span class='ocrx_word' id='word_1_206' title='bbox 499 1838 562 1887; x_wconf 78' lang='lat' dir='ltr'>Et</span> <span class='ocrx_word' id='word_1_207' title='bbox 583 1848 729 1884; x_wconf 82' lang='lat' dir='ltr'>tamen</span> <span class='ocrx_word' id='word_1_208' title='bbox 747 1837 885 1884; x_wconf 82' lang='lat' dir='ltr'>cordis</span> <span class='ocrx_word' id='word_1_209' title='bbox 905 1831 1124 1892; x_wconf 63' lang='lat' dir='ltr'>affefilibus</span> <span class='ocrx_word' id='word_1_210' title='bbox 1145 1829 1402 1893; x_wconf 80' lang='lat' dir='ltr'>diffidebant,</span> 
     </span>
     <span class='ocr_line' id='line_1_29' title="bbox 908 1900 1011 1944; baseline 0 0"><span class='ocrx_word' id='word_1_211' title='bbox 908 1900 975 1944; x_wconf 84' lang='lat' dir='ltr'>En</span> <span class='ocrx_word' id='word_1_212' title='bbox 987 1901 1011 1944; x_wconf 71' lang='lat' dir='ltr'>‚f</span> 
     </span>
     <span class='ocr_line' id='line_1_30' title="bbox 673 1961 1237 2019; baseline -0.011 -9"><span class='ocrx_word' id='word_1_213' title='bbox 673 1963 799 2010; x_wconf 46' lang='lat' dir='ltr'>Licet</span> <span class='ocrx_word' id='word_1_214' title='bbox 817 1962 968 2009; x_wconf 77' lang='lat' dir='ltr'>Coelum</span> <span class='ocrx_word' id='word_1_215' title='bbox 989 1976 1072 2006; x_wconf 89' lang='lat' dir='ltr'>non</span> <span class='ocrx_word' id='word_1_216' title='bbox 1091 1961 1237 2019; x_wconf 78' lang='lat' dir='ltr'>capiat</span> 
     </span>
     <span class='ocr_line' id='line_1_31' title="bbox 684 2023 1224 2081; baseline -0.013 -7"><span class='ocrx_word' id='word_1_217' title='bbox 684 2027 944 2076; x_wconf 74' lang='lat' dir='ltr'>Plutonem,</span> <span class='ocrx_word' id='word_1_218' title='bbox 963 2025 1020 2071; x_wconf 63' lang='grc' dir='ltr'>(θ’</span> <span class='ocrx_word' id='word_1_219' title='bbox 1037 2023 1224 2081; x_wconf 67' lang='lat' dir='ltr'>Jovem,</span> 
     </span>
    </p>

    <p class='ocr_par' dir='ltr' id='par_1_5' title="bbox 409 2084 1504 2339">
     <span class='ocr_line' id='line_1_32' title="bbox 409 2084 1504 2151; baseline -0.008 -12"><span class='ocrx_word' id='word_1_220' title='bbox 409 2092 533 2140; x_wconf 80' lang='lat' dir='ltr'>Idem</span> <span class='ocrx_word' id='word_1_221' title='bbox 550 2100 702 2151; x_wconf 72' lang='lat' dir='ltr'>corpus</span> <span class='ocrx_word' id='word_1_222' title='bbox 726 2103 871 2136; x_wconf 73' lang='lat' dir='ltr'>tamen</span> <span class='ocrx_word' id='word_1_223' title='bbox 893 2090 1008 2147; x_wconf 78' lang='lat' dir='ltr'>capit</span> <span class='ocrx_word' id='word_1_224' title='bbox 1027 2097 1209 2132; x_wconf 78' lang='lat' dir='ltr'>mortem</span> <span class='ocrx_word' id='word_1_225' title='bbox 1222 2117 1236 2140; x_wconf 88' lang='lat'>‚</span> <span class='ocrx_word' id='word_1_226' title='bbox 1255 2085 1312 2132; x_wconf 56' lang='grc' dir='ltr'><em>Φ</em></span> <span class='ocrx_word' id='word_1_227' title='bbox 1335 2084 1504 2131; x_wconf 81' lang='lat' dir='ltr'>vitam:</span> 
     </span>
     <span class='ocr_line' id='line_1_33' title="bbox 660 2150 1249 2201; baseline -0.01 -1"><span class='ocrx_word' id='word_1_228' title='bbox 660 2151 757 2201; x_wconf 76' lang='lat' dir='ltr'>Abi</span> <span class='ocrx_word' id='word_1_229' title='bbox 778 2152 959 2200; x_wconf 79' lang='lat' dir='ltr'>Viator:</span> <span class='ocrx_word' id='word_1_230' title='bbox 994 2150 1052 2197; x_wconf 65' lang='lat'>&amp;⁸</span> <span class='ocrx_word' id='word_1_231' title='bbox 1073 2150 1249 2200; x_wconf 77' lang='lat' dir='ltr'>mirare,</span> 
     </span>
     <span class='ocr_line' id='line_1_34' title="bbox 510 2212 1412 2272; baseline -0.009 -5"><span class='ocrx_word' id='word_1_232' title='bbox 510 2219 741 2266; x_wconf 80' lang='lat' dir='ltr'>Hominem</span> <span class='ocrx_word' id='word_1_233' title='bbox 761 2227 1001 2264; x_wconf 82' lang='lat' dir='ltr'>mortuum,</span> <span class='ocrx_word' id='word_1_234' title='bbox 1023 2215 1078 2261; x_wconf 61' lang='lat'>&amp;⁸</span> <span class='ocrx_word' id='word_1_235' title='bbox 1088 2212 1217 2272; x_wconf 83' lang='lat' dir='ltr'>simul</span> <span class='ocrx_word' id='word_1_236' title='bbox 1232 2216 1412 2262; x_wconf 78' lang='lat' dir='ltr'>vivum.-</span> 
     </span>
     <span class='ocr_line' id='line_1_35' title="bbox 627 2275 1278 2339; baseline -0.005 -12"><span class='ocrx_word' id='word_1_237' title='bbox 627 2287 721 2328; x_wconf 78' lang='lat' dir='ltr'>Par</span> <span class='ocrx_word' id='word_1_238' title='bbox 737 2281 893 2339; x_wconf 83' lang='lat' dir='ltr'>impar,</span> <span class='ocrx_word' id='word_1_239' title='bbox 918 2276 1105 2338; x_wconf 80' lang='lat' dir='ltr'>diffimile</span> <span class='ocrx_word' id='word_1_240' title='bbox 1114 2275 1278 2336; x_wconf 75' lang='lat' dir='ltr'>simile.-</span> 
     </span>
    </p>

    <p class='ocr_par' dir='ltr' id='par_1_6' title="bbox 697 2339 1198 2392">
     <span class='ocr_line' id='line_1_36' title="bbox 697 2339 1198 2392; baseline -0.002 -4"><span class='ocrx_word' id='word_1_241' title='bbox 697 2345 754 2389; x_wconf 87' lang='lat' dir='ltr'>In</span> <span class='ocrx_word' id='word_1_242' title='bbox 773 2344 945 2388; x_wconf 78' lang='lat' dir='ltr'>unitate</span> <span class='ocrx_word' id='word_1_243' title='bbox 963 2339 1198 2392; x_wconf 81' lang='lat' dir='ltr'>binarium,</span> 
     </span>
    </p>

    <p class='ocr_par' dir='ltr' id='par_1_7' title="bbox 655 2404 1256 2534">
     <span class='ocr_line' id='line_1_37' title="bbox 703 2404 1201 2455; baseline -0.004 -3"><span class='ocrx_word' id='word_1_244' title='bbox 703 2409 759 2452; x_wconf 82' lang='lat' dir='ltr'>In</span> <span class='ocrx_word' id='word_1_245' title='bbox 780 2404 947 2451; x_wconf 81' lang='lat' dir='ltr'>binario</span> <span class='ocrx_word' id='word_1_246' title='bbox 970 2405 1201 2455; x_wconf 79' lang='lat' dir='ltr'>unitatem,</span> 
     </span>
     <span class='ocr_line' id='line_1_38' title="bbox 655 2468 1256 2534; baseline -0.003 -18"><span class='ocrx_word' id='word_1_247' title='bbox 655 2469 877 2534; x_wconf 80' lang='lat' dir='ltr'>Sphingem</span> <span class='ocrx_word' id='word_1_248' title='bbox 898 2468 1054 2526; x_wconf 78' lang='lat' dir='ltr'>Oedipo</span> <span class='ocrx_word' id='word_1_249' title='bbox 1073 2468 1256 2527; x_wconf 85' lang='lat' dir='ltr'>dignam,</span> 
     </span>
    </p>

    <p class='ocr_par' dir='ltr' id='par_1_8' title="bbox 740 2528 1124 2593">
     <span class='ocr_line' id='line_1_39' title="bbox 740 2528 1124 2593; baseline -0.008 -14"><span class='ocrx_word' id='word_1_250' title='bbox 740 2533 855 2593; x_wconf 72' lang='lat' dir='ltr'>Qia</span> <span class='ocrx_word' id='word_1_251' title='bbox 881 2528 1124 2582; x_wconf 77' lang='lat' dir='ltr'>monstrum.</span> 
     </span>
    </p>
   </div>
   <div class='ocr_carea' id='block_1_5' title="bbox 879 2593 1765 2667">
    <p class='ocr_par' dir='ltr' id='par_1_9' title="bbox 879 2593 1765 2667">
     <span class='ocr_line' id='line_1_40' title="bbox 879 2593 1765 2667; baseline -0.016 -5"><span class='ocrx_word' id='word_1_252' title='bbox 879 2602 928 2667; x_wconf 75' lang='lat' dir='ltr'><strong>B</strong></span> <span class='ocrx_word' id='word_1_253' title='bbox 948 2598 984 2650; x_wconf 81' lang='lat' dir='ltr'>b</span> <span class='ocrx_word' id='word_1_254' title='bbox 1003 2612 1026 2660; x_wconf 83' lang='lat'><em>3</em></span> <span class='ocrx_word' id='word_1_255' title='bbox 1592 2593 1765 2649; x_wconf 82' lang='lat' dir='ltr'>Gemi·</span> 
     </span>
    </p>
   </div>
  </div>
 </body>
</html>
