2175 2911
651 87 699 135 T
692 87 1050 149 eshnophylaecium
1073 86 1307 147 Phyficum·
1699 104 1751 149 23
1763 105 1790 151 7

107 193 187 229 cet
208 196 391 245 corpus
413 182 606 245 exigens
631 180 973 230 ubicationem
998 180 1241 235 majorem
1263 180 1309 228 se
1328 179 1374 228 se
1393 180 1577 236 dilatet,
1591 180 1761 247 sicque
1782 185 1852 233 di-

105 244 314 292 latatum
332 246 633 291 intromittat
656 245 961 308 corpuscula,
983 242 1156 292 sensim
1169 242 1266 292 sinc
1281 243 1412 292 sensu
1426 247 1727 308 ‚perlonines
1744 262 1854 297 cor-

103 308 239 369 poris
258 305 479 354 rarefaffi
508 319 668 369 partes
691 309 885 356 intrusa.
1551 327 1554 330 ·

229 369 429 420 LEUC:
498 370 614 417 Alia
636 365 662 417 e
685 372 917 433 Regione
942 368 1172 419 machina
1197 370 1243 418 se
1261 371 1306 420 se
1331 372 1488 420 oculis
1508 373 1702 436 ingerit,
1716 377 1849 438 prio-

102 433 143 480 ri
175 446 283 480 non
315 431 537 480 multum
569 431 802 481 dissimilis
827 467 839 487 ‚
874 445 926 482 ut
961 436 1011 482 in
1030 432 1297 483 hoc'Artis
1321 434 1745 500 technophylacio
1766 453 1848 502 ge-

100 495 284 544 mellos
307 493 495 544 merito
519 495 721 544 credam
737 529 750 550 ,
787 494 1021 552 Castora,
1058 499 1107 546 ὅς
1129 497 1408 546 Pollucem.
1476 501 1633 545 MEL:
1693 500 1847 550 Baro·

97 570 319 606 metrum
343 558 494 611 vides,
517 558 659 621 quod
680 559 743 607 ab
763 559 1000 609 Authote
1027 559 1209 609 tubum
1235 561 1656 610 Torricellianum
1684 563 1847 628 appel·

94 620 215 668 lant.
317 623 467 670 Hunc
488 624 615 669 inter
646 622 783 671 Artis
797 623 1039 672 Miracula
1061 634 1201 686 putes
1222 623 1530 687 Prophetam
1551 658 1564 678 7
1584 626 1663 674 vel
1687 625 1721 674 s1
1742 642 1846 676 ma-

94 685 166 732 vis
189 680 448 733 coelestem
471 686 800 738 Mercurium,
818 688 903 750 qui
917 684 1205 750 Diphtherae
1219 684 1427 737 coelestis
1454 703 1630 736 arcana
1651 690 1848 739 Morta-

93 745 220 794 libus
234 751 538 811 praenunciet
558 749 736 811 Augur
749 747 910 803 simul,
931 761 1080 812 atque
1091 749 1333 812 Interpres
1357 766 1368 796 ε
1405 766 1524 799 nam
1537 749 1618 799 hic
1629 752 1846 816 Hydrar-

94 824 243 872 gyrus
268 810 330 857 ad
352 811 667 859 altitudinem
690 823 877 859 certam
908 811 1154 876 suspensus
1179 844 1193 866 ‚
1227 827 1314 876 per
1338 815 1493 862 varias
1520 813 1770 870 ascensus,
1792 818 1846 867 ὃς

91 869 349 919 descensus
371 870 719 922 viciffitudines
752 907 767 923 ,
828 874 930 930 aliis
963 871 1230 921 instantem
1271 872 1572 937 tempestatis
1604 879 1846 927 mutatio-

89 949 239 986 nem,
265 934 363 990 aliis
385 936 569 982 externi
593 936 716 982 aeris
746 938 1040 997 gravitatem
1065 968 1078 988 ‚
1117 934 1348 985 universis
1383 934 1733 999 amplissimam
1775 939 1846 987 di-

95 996 346 1046 scurrendi
390 1000 651 1045 materiam
675 994 986 1044 demonstrat
1011 1015 1021 1043 :
1058 998 1323 1044 inventum
1354 1000 1430 1044 vix
1453 1014 1562 1046 non
1585 999 1841 1056 divinum,

89 1060 226 1115 cujus
254 1062 653 1123 experimentum
673 1075 780 1107 non
800 1058 1132 1107 solummodo
1147 1057 1488 1107 Sereniffimos
1502 1061 1733 1111 Uladislai
1746 1065 1838 1113 IV.

89 1123 238 1185 Regis
259 1123 438 1170 oculos
459 1124 509 1169 in
524 1123 755 1175 polonia,
778 1124 1176 1185 Purputatorum
1207 1122 1495 1186 Principum
1527 1126 1578 1173 in
1600 1125 1763 1180 Italia,
1788 1129 1841 1179 ὃς

88 1182 529 1234 Illustriss'imorum
555 1187 851 1246 quorumvis
872 1186 1147 1234 hominum
1166 1186 1216 1232 in
1232 1185 1392 1233 Gallia
1414 1185 1475 1234 ad
1487 1186 1759 1241 jucundam
1770 1189 1839 1239 sui

85 1248 577 1312 contemplationem
599 1249 829 1312 pertraxit
849 1280 862 1301 ‚
892 1248 974 1296 sed
998 1247 1141 1310 quod
1166 1243 1286 1294 teste
1310 1247 1526 1297 Schotto
1550 1251 1838 1301 multorum
1869 1250 1924 1294 In
1959 1246 2088 1300 Tech.

83 1312 296 1375 ingenia,
323 1314 373 1360 δε
388 1312 610 1359 calamos
633 1312 887 1364 excitavit,
910 1323 965 1358 ut
985 1309 1256 1359 effestuum
1277 1323 1382 1359 tam
1408 1312 1713 1363 mirabilium
1725 1331 1837 1366 cau·
1869 1327 1958 1360 cur·

82 1374 150 1423 sas
174 1376 222 1424 ὃς
245 1373 550 1436 indagarent,
575 1376 867 1424 &inventas
886 1374 1092 1437 publico
1119 1373 1483 1435 conlignarent.
1532 1375 1697 1427 Porro
1717 1393 1835 1443 prae-

4 1437 8 1479 Ξ
83 1439 227 1502 cipua
246 1437 390 1493 hujus
416 1439 739 1502 experimenti
751 1436 1107 1485 Phoenomena
1120 1436 1251 1488 sunt,
1273 1434 1415 1498 quod
1431 1450 1835 1505 quantumcunq3

4 1499 8 1541 ἰ
81 1500 282 1563 longus,
302 1498 529 1563 latusque
542 1501 597 1549 fit
607 1501 825 1553 tubulus,
846 1501 1126 1548 Mercurius
1142 1499 1202 1547 ad
1222 1499 1536 1549 altitudinem
1555 1513 1632 1560 27.
1655 1503 1836 1567 digito-

81 1578 197 1612 rum
222 1562 500 1612 descendat.
615 1565 664 1614 Si
691 1565 742 1612 in
760 1560 1015 1626 stagnante
1035 1563 1360 1627 Hydrargyro
1381 1564 1568 1613 vitrum
1584 1567 1833 1623 inclineS,

82 1626 312 1675 ascendet
333 1626 396 1675 ad
417 1628 801 1676 connaturalem
823 1627 909 1675 libi
930 1627 1211 1676 mensuram
1225 1644 1238 1671 .·
1274 1625 1308 1674 si
1330 1626 1533 1676 tubulus
1560 1641 1634 1688 27.
1650 1629 1833 1693 digitos

79 1702 258 1752 aequet,
275 1690 342 1738 nil
364 1690 426 1738 de
440 1691 765 1755 Hydrargyro
785 1690 986 1739 defluet.
1009 1691 1059 1739 Si
1078 1691 1127 1738 in
1148 1691 1270 1738 loco
1288 1690 1511 1740 colloces
1524 1689 1833 1748 sublimiore,

79 1754 329 1807 maiorem
352 1754 665 1803 altitudinem
686 1755 843 1818 capiet
864 1756 914 1801 in
935 1754 1088 1807 valle,
1117 1752 1271 1816 quam
1305 1764 1483 1802 monte
1509 1771 1519 1802 :
1558 1755 1775 1819 denique
1794 1755 1832 1807 fi

78 1818 132 1865 in
149 1817 343 1866 Musaeo
370 1816 472 1867 hoc
493 1814 888 1866 instrumentum
906 1817 1185 1882 suspendass
1224 1816 1452 1866 descensu
1471 1817 1830 1873 nubila‚ascen-

78 1879 132 1928 su
150 1893 415 1929 venturam
435 1881 747 1929 serenitatem
768 1881 1146 1944 praenunciabit:
1169 1895 1392 1943 quorum
1413 1883 1647 1930 omnium
1661 1882 1695 1931 fi
1715 1897 1830 1932 ana-

77 1942 202 2006 lyfin
228 1941 481 2007 physicam
505 1943 533 1993 a
552 1943 873 2008 Philosophia
900 1946 1149 2007 exquiras,
1168 1946 1456 1993 committes
1480 1944 1685 2010 Sophos
1708 1962 1829 1996 cum

75 2006 274 2070 Sophis‚
294 2009 343 2056 ὃς
362 2006 467 2056 hoc
491 2023 656 2071 pomo
675 2007 949 2057 Discordia:
966 2011 1254 2057 innumeras
1272 2007 1504 2057 movebis
1522 2009 1646 2059 lites.
1714 2010 1829 2059 Cla-

75 2070 292 2119 mabunt
311 2070 489 2132 aliqui,
510 2071 556 2118 se
577 2086 634 2118 ex
659 2069 922 2120 delabente
951 2072 1211 2120 Mercurio
1239 2086 1458 2121 vacuum
1486 2072 1587 2129 jam
1611 2073 1827 2121 demon-

0 2142 3 2178 ’.
76 2130 238 2182 straffe
264 2133 327 2181 ad
353 2134 591 2182 oculum:
628 2133 709 2182 sed
739 2135 957 2183 clamant
987 2136 1037 2182 in
1065 2149 1309 2186 vacuums
1361 2151 1482 2184 nam
1507 2134 1708 2185 solidius
1727 2136 1824 2190 illi,

74 2199 164 2260 qui
184 2212 402 2245 vacuum
429 2195 532 2245 hoc
558 2199 736 2261 partim
759 2195 1067 2247 subtilissimo
1092 2201 1232 2251 aere,
1254 2198 1531 2247 lateralibus
1559 2201 1669 2248 vitri
1688 2201 1823 2264 poris

74 2259 387 2313 adhaerente,
411 2272 496 2308 aut
525 2259 844 2313 succedente,
875 2264 1056 2325 partim
1092 2260 1484 2311 exhalationibus
1515 2262 1822 2311 Mercuriali-

74 2324 167 2373 bus
187 2335 453 2387 occupant.
554 2324 655 2380 Ahj
682 2323 858 2372 cunita
882 2323 1238 2375 Phoenomena
1268 2327 1320 2373 in
1342 2337 1538 2374 metum
1564 2326 1732 2377 vacui,
1750 2323 1819 2372 sat

75 2387 323 2440 audacter,
345 2390 393 2437 &
412 2385 514 2434 fine
533 2399 671 2435 metu
688 2389 940 2444 rejiciunt:
976 2388 1058 2436 sed
1078 2389 1366 2446 rejiciuntur
1384 2389 1445 2438 ab
1464 2389 1572 2442 illis,
1587 2388 1817 2450 quiMer-

74 2453 269 2499 curium
295 2450 543 2512 aequaliter
563 2450 859 2514 suspensum,
874 2467 961 2514 per
982 2454 1104 2519 aeris
1123 2453 1432 2516 gravitatem,
1449 2454 1496 2500 &
1515 2448 1818 2515 preffionem

75 2513 203 2566 illius
233 2509 482 2565 elasticam
519 2514 786 2578 explicant:
842 2529 988 2631 nlimh
1003 2512 1122 2566 cum
1154 2516 1396 2569 columna
1422 2515 1544 2567 aens
1565 2510 1815 2630 sttffinanti

1025 2590 1047 2636 3
1681 2590 1750 2628 er-
