2175 2911
705 113 913 168 „Ariadne
937 111 1128 175 Physica.
1632 119 1725 172 15¹7

50 206 407 273 antipathicam
437 205 591 262 litem,
611 202 985 273 amicitiamque
1004 202 1379 268 sympathicam,
1401 218 1460 254 ex
1478 199 1794 267 qualitatibus

51 272 248 335 primis,
268 271 486 321 secundis
500 302 512 324 ,
533 282 618 319 aut
636 270 785 318 etiam
802 268 951 324 tertiis
974 268 1119 320 oriri,
1140 282 1259 328 quas
1279 269 1616 318 innominatas
1628 266 1795 314 nomi·

51 349 174 382 nant
192 334 511 384 Authoresin
528 334 635 382 Peri
673 343 758 381 ato
770 327 1174 381 nominatiffimi?
1189 333 1296 393 quis
1309 364 1321 385 ,
1340 332 1548 394 inquam
1561 362 1574 383 ,
1587 325 1673 378 ista
1683 341 1795 377 non

52 398 216 451 videt,
241 397 273 445 fi
296 397 460 445 videat
476 429 489 451 ,
519 394 625 458 quo
687 395 836 444 flores
857 391 1039 443 Phoebi
1061 392 1226 441 calore
1239 393 1408 449 hient,
1443 390 1587 455 quod
1605 392 1795 454 frigore

52 462 477 525 comprimantur:
514 456 660 522 quod
681 459 790 508 vitis
811 455 974 507 calido
992 453 1286 511 deiceretur,
1309 460 1359 507 δε
1379 454 1647 506 abhorreat
1666 455 1796 518 frigi-

55 522 155 577 dis,
193 519 414 586 ideoque
450 521 663 572 brafficae
693 521 855 571 vicina
885 519 1150 585 pampinos
1174 519 1465 573 contrahat,
1495 534 1551 567 ac
1575 518 1794 579 denique

53 586 321 634 exarescat?
356 587 462 648 quis
479 586 679 650 negabit
697 583 886 634 subtilia
909 596 1157 646 vaporum
1181 581 1375 632 effluvia
1391 617 1403 637 ,
1425 581 1458 631 fi
1484 582 1674 635 videat,
1700 581 1794 629 flo-

50 663 125 695 res
141 682 154 701 ,
176 652 220 699 ὅ(
239 649 421 696 fruCtus
436 682 448 701 ,
470 644 738 710 succosque
756 648 898 698 alios,
911 646 1268 709 evaporatione
1288 644 1662 703 nimialtandem
1680 643 1794 691 flac-

51 712 267 760 cescere?
303 711 334 759 si
357 714 406 759 in
431 713 475 760 se
496 712 599 775 ipso
619 712 907 774 experiatur,
921 709 1027 772 plus
1049 723 1144 756 una
1165 707 1243 755 die
1265 723 1350 771 per
1367 708 1625 772 hyemem,
1641 705 1798 769 quam

53 776 411 837 quinquaginta
441 776 608 821 uncias
632 773 677 820 se
704 771 926 820 exhalare
954 773 968 819 ?
1014 770 1048 819 fi
1076 770 1353 820 metallicos
1375 771 1577 822 halitus,
1607 769 1796 820 cunctis

50 837 346 886 animalibus
363 835 534 883 sentiat
552 836 786 883 inimicos
798 867 811 888 ,
832 830 1064 897 ipsosque
1088 830 1114 882 ὲ
1135 833 1320 882 fodinis
1335 833 1522 882 odores
1543 832 1717 888 iisdem
1733 832 1798 879 es-

0 953 2 960 ,
49 898 96 946 se
116 895 370 962 pestiferos
395 899 410 944 ?
444 897 549 945 haec
571 899 745 946 omnia
770 908 877 945 tam
897 895 1173 947 contestata
1195 895 1506 961 Philosopho
1530 909 1646 943 reor
1668 926 1680 948 ,
1717 906 1798 945 ut,

0 1012 2 1027 ἱ
49 959 296 1023 epomidis
315 958 436 1008 loco
451 993 464 1009 ,
486 960 639 1009 Midae
662 963 865 1009 meritus
879 960 935 1010 fit
951 961 1249 1027 appendices
1262 993 1276 1014 ,
1296 961 1381 1023 qui
1394 956 1524 1008 adeo
1537 957 1665 1006 clara
1680 954 1802 1004 ausit

0 1030 2 1089 ᾗ
47 1037 286 1071 revocare
305 1025 355 1070 in
379 1023 608 1071 dubium.
734 1026 889 1070 MEL:
958 1025 1032 1073 lta
1060 1022 1154 1073 est:
1192 1027 1241 1073 ὅ(
1262 1039 1319 1071 ex
1346 1023 1420 1071 his
1444 1021 1645 1070 facilem
1664 1019 1799 1067 sorti«

0 1091 5 1171 l
47 1096 198 1133 untur
213 1084 427 1146 analyfin
445 1086 668 1149 plurimae
691 1087 997 1150 experientiae
1012 1119 1024 1139 ,
1045 1102 1165 1148 quas
1179 1088 1241 1134 ad
1252 1087 1513 1149 Magicum
1527 1082 1801 1147 tripodem,

0 1177 5 1206 ς
48 1159 134 1197 aut
155 1147 377 1196 aetiones
397 1151 449 1196 in
474 1144 675 1198 distans,
697 1149 962 1212 indignum
978 1149 1179 1198 Philoso
1216 1147 1289 1196 ho
1309 1147 1805 1200 commentum,im-

1 1210 3 1220 ’
49 1212 191 1274 periti
211 1210 448 1272 relegant.
519 1213 657 1259 Nam
673 1212 794 1273 quid
814 1213 998 1260 mirum
1019 1245 1033 1267 ,
1053 1209 1159 1276 quo
1215 1211 1403 1260 infesto
1425 1210 1579 1260 halitu
1598 1209 1806 1273 lippien-

1 1235 8 1339 l*
50 1284 138 1325 tes,
161 1276 210 1321 ὃς
230 1273 377 1321 oiidae
399 1274 461 1322 ab
477 1272 620 1322 hirco
639 1275 815 1324 vetulae
835 1275 1014 1336 speculi
1028 1279 1248 1324 nitorem
1262 1273 1640 1325 contaminent?
1660 1267 1806 1334 quod

0 1341 6 1393 ἑ
46 1333 266 1400 ειΐρεὲὶίιε
290 1337 536 1395 squallore
569 1338 748 1384 tetrico
786 1339 998 1385 infantes
1021 1350 1264 1391 terreant,
1308 1338 1386 1386 vel
1418 1338 1570 1384 etiam
1594 1332 1804 1389 effluvijs

0 1393 10 1468 l
48 1409 305 1448 venenatis
326 1398 573 1452 inficiant,
594 1398 806 1447 infectos
824 1400 1033 1447 necent?
1071 1400 1210 1466 Qiid
1230 1401 1441 1452 mirum,
1463 1395 1607 1460 quod
1619 1396 1804 1459 aspides

0 1470 8 1529 ἰ
46 1475 303 1512 venenato
323 1461 516 1525 aspeitu
536 1474 791 1514 noceant3
835 1460 978 1524 quod
1003 1461 1195 1526 serpens
1216 1463 1365 1510 Ibidis
1393 1457 1557 1525 penna
1582 1455 1768 1506 sistatur
1790 1473 1802 1503 :

0 1532 9 1592 {l
48 1522 194 1586 quod
212 1540 388 1588 pennae
412 1528 584 1574 avium
606 1537 816 1578 caeterae,
847 1527 1020 1589 pennis
1038 1526 1211 1588 aquilae
1236 1527 1525 1574 commixtae
1547 1520 1808 1585 absuman-

0 1594 15 1649 ῳ
41 1599 124 1636 tui·
144 1586 317 1650 ?quod
335 1589 543 1651 Leporis
560 1588 942 1652 mariniaspec'tu
962 1600 1233 1638 enecentur
1246 1588 1435 1636 nautae?
1472 1582 1615 1648 quod
1628 1582 1811 1632 fidibus

0 1651 10 1719 tl
47 1652 228 1714 lupinis
244 1682 256 1703 ‚
276 1649 310 1698 fi
323 1655 560 1714 agninam
580 1648 715 1700 forte
739 1654 940 1703 ass'ocies
957 1685 970 1707 ,
991 1652 1095 1702 haec
1116 1667 1241 1701 mox
1258 1652 1364 1700 fato
1379 1649 1594 1698 mirabili
1605 1660 1806 1710 rumpa-

0 1724 12 1781 ῑξ
47 1725 154 1767 tur,
173 1725 324 1775 atque
346 1712 565 1762 diffiliat?
600 1729 710 1777 quae
736 1717 912 1765 onmia
935 1715 1245 1781 antipathicae
1265 1716 1460 1767 virtuti,
1489 1715 1539 1761 &
1560 1710 1806 1773 qualitati-

0 1783 13 1823 εἰ
48 1777 141 1824 bus
164 1791 250 1839 per
268 1777 469 1826 occulta
500 1776 700 1829 effluvia
722 1778 930 1833 diffusis,
949 1781 1242 1841 neutiquam
1263 1780 1396 1826 inani
1414 1775 1700 1826 ratiocinio,
1720 1771 1806 1820 ad·-

0 1842 13 1893 ’ἐ
48 1838 209 1910 scribit
228 1837 563 1905 Philosophia.
680 1844 739 1891 Id
760 1856 931 1892 tamen
952 1844 1117 1892 nolim
1144 1844 1211 1890 ire
1232 1840 1420 1889 inficias
1444 1873 1458 1894 ,
1487 1837 1724 1902 superesse
1752 1837 1805 1886 &

10 1899 14 1989 ἰ
50 1902 174 1950 alios
192 1901 359 1952 fontes
374 1936 388 1957 ,
415 1901 442 1953 ὲ
460 1904 639 1968 quibus
659 1905 727 1954 sat
748 1906 943 1969 liquido
968 1907 1126 1956 solvas
1147 1905 1396 1969 paradoxa
1412 1905 1592 1966 Magiae
1609 1911 1806 1948 natura-

0 1994 14 2027 m,
49 1964 106 2013 lis
126 1963 500 2016 Phoenomena.
574 1965 658 2017 Est
676 1971 920 2034 imprimis
941 1969 1213 2019 similitudo
1228 2001 1241 2022 ,
1264 1968 1344 2018 vel
1368 1963 1808 2015 diffiniilitudona-

50 2040 198 2101 turae,
235 2042 344 2090 quae
368 2032 525 2079 miros
544 2035 595 2081 in
609 2035 841 2083 creaturis
852 2035 978 2097 parit
996 2031 1225 2080 effeetus:
1261 2031 1329 2079 nil
1344 2031 1477 2079 enim
1491 2023 1806 2090 Philosopho

45 2106 206 2160 magis
227 2105 551 2157 compertum
565 2127 577 2150 ,
606 2095 760 2159 quam
774 2096 915 2159 quod
925 2095 1065 2153 fimile
1077 2094 1210 2152 fimili
1212 2097 1415 2154 gaudeat,
1437 2108 1543 2155 quo
1559 2085 1703 2139 facile
1716 2103 1808 2136 nu-

48 2155 152 2203 triri
173 2155 295 2203 solet
316 2158 365 2205 ὅ(
386 2160 600 2207 moveri.
699 2159 930 2209 Trahunt
942 2153 1105 2205 existo
1127 2156 1272 2205 fonte
1291 2157 1429 2206 suam
1442 2158 1681 2205 virtutem
1695 2166 1808 2217 pur-

23 2219 209 2281 ‚gantia
228 2217 521 2281 pharmaca3
556 2220 672 2272 hinc
689 2221 1093 2274 Rhebarbarum,
1115 2220 1186 2269 ob
1200 2220 1583 2284 homogeneam
1605 2231 1725 2265 cum
1739 2214 1810 2263 bi-

15 2255 19 2352 l
49 2282 97 2353 le,
119 2281 374 2336 indolem,
412 2282 582 2335 diffusa
599 2287 834 2347 qualitate
852 2284 1125 2333 humorem
1136 2283 1273 2334 hunc
1290 2283 1513 2337 attrahit,
1540 2278 1806 2330 attraC‘mm

51 2342 266 2409 dissipat,
288 2344 568 2411 dissipatum
592 2360 850 2412 extenuat,
877 2364 934 2397 ac
955 2347 1043 2398 sibi
1053 2346 1246 2402 miscet,
1261 2347 1385 2396 dum
1408 2345 1437 2395 a
1457 2342 1632 2395 natura
1646 2376 1660 2398 ,
1676 2356 1810 2391 onus

25 2406 148 2458 lhoc
161 2407 438 2468 recusante,
454 2411 671 2474 denique
690 2412 984 2462 secernatur.
1057 2414 1191 2462 Hinc
1210 2412 1336 2460 mira
1354 2410 1584 2463 Rubetae,
1606 2411 1655 2457 ὃς
1678 2405 1805 2475 Ara-

27 2473 130 2521 inei
154 2470 295 2522 odia:
333 2471 414 2522 hic
439 2477 573 2524 enim
604 2473 724 2526 cum
743 2476 881 2525 illam
909 2475 1240 2542 conspexerit,
1259 2471 1510 2525 continuo
1536 2469 1804 2521 delabitur,

0 2517 31 2605 {l
53 2530 326 2602 stupefacit,
338 2540 532 2606 pungit,
551 2536 831 2605 neca'tque:
863 2555 958 2591 nec
974 2540 1057 2593 illa
1078 2555 1254 2595 coram
1264 2553 1452 2596 araneo
1468 2571 1484 2597 2
1501 2536 1589 2589 nisi
1611 2548 1697 2599 per
1724 2547 1806 2586 ru-

2 2659 4 2663 “
21 2653 24 2685 i

0 2171 6 2204 Ι

0 2224 12 2247 2?

0 2343 10 2403 ³

0 2430 13 2461 'a

0 2495 13 2517 ii

860 2603 909 2658 U
943 2616 968 2664 3
1630 2606 1740 2649 tam

4 2789 26 2808 ¹.

6 2817 26 2841 ll

5 2841 28 2911 i}
