2175 2911
392 121 483 168 228
864 111 912 162 T
904 108 1271 173 echnophylacium
1297 104 1536 167 Physicum.

325 215 491 268 venti,
522 208 759 261 fimilibus
791 206 922 260 Orbi
948 205 1230 272 spectaculis
1258 203 1490 253 illudunt.
1590 201 1672 251 Sic
1698 201 1863 267 rapuit
1881 200 2078 265 Aquilo
2156 182 2157 198 ¹

327 277 564 327 lotricem
592 276 729 324 illam
750 274 1113 324 Mantuanam,
1134 280 1189 318 ut
1217 264 1528 320 ostenderet,
1558 268 1688 315 inter
1718 277 1798 314 tot
1827 266 1974 329 Sagas
1999 265 2081 314 sal-

328 354 434 390 tem
453 340 602 389 semel
615 334 801 388 volaffe
825 337 1025 385 unicam
1047 336 1395 382 innocentem.
1464 331 1543 379 Sic
1569 332 1617 378 in
1631 329 1871 379 Mazovia
1890 328 2082 377 tectum

329 405 514 454 domui
544 415 802 467 ereptum,
833 395 946 464 post
977 410 1196 461 quatuor
1230 395 1458 443 milliaria
1477 393 1724 442 Polonica
1753 394 1889 440 terris
1908 388 2081 440 denuo
2155 440 2158 453 ¹

332 465 401 516 est
422 463 728 515 restitutum:
767 462 900 511 aliud
924 460 1248 522 Antvverpiae
1264 491 1276 512 ,
1296 470 1572 508 ventorum
1594 457 1815 520 impetu,
1835 454 2084 504 sublatum

329 533 381 580 in
400 533 539 583 a'e‘ra,
564 544 688 578 mox
707 542 815 575 non
838 527 1004 574 laxatis
1032 523 1277 573 trabibus,
1301 523 1353 570 in
1383 533 1567 569 terram
1591 517 1764 567 denuo
1797 516 2083 583 depositum

329 595 558 658 legimus
627 590 766 658 Qid
787 588 908 653 ergo
933 590 1118 650 mirum
1134 620 1145 640 ‚
1166 585 1309 648 quod
1339 587 1388 635 ὅ(
1409 584 1567 636 vituli,
1600 581 1705 630 saxa
1721 615 1734 635 ,
1757 583 1971 634 cineres,
1992 580 2085 629 flo-

330 674 432 711 res,
454 668 730 706 ventorum
757 655 842 702 alis
863 652 1117 704 volantes,
1139 666 1196 698 ex
1217 652 1329 698 aere
1356 648 1493 697 velut
1518 662 1604 712 per
1626 647 1813 711 pluvias
1835 644 2082 693 decidant.

329 723 570 771 Meminit
591 717 866 769 Cardanus,
892 718 936 765 se
955 715 1253 779 Apennium
1275 710 1538 775 quondam
1559 709 1865 774 profestum,
1889 706 1916 756 a
1937 707 2089 755 fiante
2156 754 2158 759 ,

330 784 552 834 ferocius
574 778 765 832 Austro
791 780 1056 845 spoliatum
1087 778 1247 841 pileo:
1285 777 1432 838 junge
1445 775 1683 823 Cardano
1708 774 1964 822 sexcentos
1983 771 2089 818 Co-

330 850 495 901 mites,
515 846 697 909 quibus
725 844 899 909 pileos,
919 841 1079 890 subito
1101 843 1294 905 impetu
1308 872 1321 892 ,
1342 839 1585 901 abripiant
1604 838 1757 890 venti,
1779 839 1826 885 ὅ(
1850 836 1901 883 in
1919 848 2089 882 remo-

326 914 478 960 tiores
500 925 612 957 cam
651 919 822 960 os,aut
839 906 977 955 villas
1001 905 1292 967 deportent:
1314 901 1542 963 nunquid
1563 900 1811 949 hiantibus
1832 898 1998 946 buccis
2022 907 2093 944 at·

330 975 618 1024 tonitiInco
640 987 695 1021 κ,
719 971 971 1032 pileorum
990 969 1208 1014 imbrem
1233 967 1536 1028 spectabunt,
1550 961 1740 1023 sibique
1761 964 1788 1019 J
1795 977 1951 1010 ovem
1974 974 2090 1024 pro·
2154 1001 2158 1021 Ι,

333 1039 514 1102 pitium
537 1030 949 1095 gratulabuntur?
986 1025 1240 1073 Caetcrum
1271 1027 1473 1087 pluviae,
1501 1038 1610 1084 quae
1639 1024 1871 1071 videntur
1904 1024 2110 1085 sanguis
2154 1025 2156 1072 l

286 1122 297 1133 ·
332 1114 456 1150 neae,
471 1094 569 1143 sive
592 1091 755 1140 lacteae
772 1124 784 1144 ,
807 1103 1017 1154 vapores
1040 1087 1165 1140 sunt,
1191 1088 1369 1140 minio,
1391 1086 1469 1135 vel
1492 1083 1689 1134 rubrica
1714 1086 1867 1138 tincti,
1882 1098 1966 1134 aut
1989 1097 2090 1133 cre-

331 1174 482 1210 taccae
507 1155 872 1206 exhalationes:
909 1148 1027 1199 hinc*
1044 1153 1095 1198 in
1117 1150 1383 1203 Armenia,
1400 1147 1544 1212 quod
1566 1150 1728 1197 minio
1752 1147 1991 1202 abundat,
2013 1164 2091 1198 ru·
2139 1141 2156 1204 ’ζ

331 1225 443 1274 bras
464 1217 739 1283 aliquando
763 1219 902 1266 nives
922 1214 1170 1268 decidere,
1185 1209 1473 1262 Eustachius
1487 1211 1697 1260 Author
1722 1208 1807 1260 est.
1875 1212 1966 1261 Ad
1987 1227 2089 1260 me-

331 1301 477 1336 teora
497 1284 747 1348 pertinent
763 1281 847 1333 illi,
863 1281 949 1342 qui
970 1276 1069 1326 fine
1085 1278 1211 1326 Arte
1230 1277 1433 1330 fatidici,
1448 1271 1775 1338 veridicique,
1793 1275 1900 1340 ipfis
1916 1271 2093 1325 Astro-

334 1352 463 1414 logis
495 1348 664 1396 futura
691 1343 989 1409 praedicunt,
1011 1340 1254 1390 infallibili
1280 1341 1580 1405 plerumque
1613 1338 1948 1404 Horoscopo:
1985 1340 2093 1388 talis

336 1426 439 1463 erat
458 1414 567 1460 Rex
586 1408 783 1470 Angliae
808 1406 1079 1458 Henricus,
1101 1404 1204 1453 hoc
1232 1407 1447 1452 nomine
1467 1404 1745 1467 Septimus:
1783 1418 1938 1466 quem
1971 1403 2091 1453 cum
2152 1413 2155 1424 ⁴

335 1475 552 1528 Ardelio
573 1473 839 1536 spargeret,
860 1470 982 1519 Fatis
1001 1469 1216 1517 breviter
1236 1466 1606 1520 concefl'urum,
1629 1468 1666 1514 is
1685 1466 1753 1514 illi
1773 1465 1876 1516 hoc
1894 1466 2096 1533 proble-

331 1556 418 1590 ma
439 1535 606 1587 serena
635 1534 831 1582 fronte:
869 1548 931 1581 an
956 1547 1014 1580 ex
1038 1528 1194 1581 Astris
1213 1531 1300 1579 tibi
1325 1532 1424 1588 jam
1455 1542 1667 1584 notum,
1688 1529 1896 1579 ubinam
1925 1532 2093 1580 immi·
2151 1526 2155 1545 ¹

334 1603 505 1653 nentia
529 1595 711 1648 Christi
737 1597 974 1646 nascentis
993 1593 1128 1644 Festa
1148 1594 1204 1643 sis
1225 1594 1584 1644 transacturus?
1619 1593 1822 1643 haerenti
1838 1627 1852 1649 ,
1875 1594 2093 1644 subintu—

335 1668 415 1716 lit:
453 1659 689 1725 adeoque
717 1676 816 1725 ego
837 1662 973 1710 Artis
999 1670 1094 1708 tuae
1126 1672 1175 1707 te
1205 1658 1311 1723 ipso
1340 1660 1571 1722 peritior3
1592 1673 1713 1706 nam
1743 1657 1872 1714 scio,
1891 1670 1941 1707 te
1960 1658 2093 1708 futu-

335 1745 451 1778 rum
473 1730 524 1775 in
546 1727 667 1775 turri
688 1721 996 1774 Londinensi
1011 1756 1027 1777 ,
1050 1718 1277 1785 moxque
1299 1724 1361 1772 ad
1383 1721 1490 1770 haec
1520 1717 1758 1785 ergastula
1779 1721 1907 1778 iussit
1931 1721 2093 1771 infau-
2151 1742 2154 1757 ·

336 1790 469 1841 stum
484 1790 655 1854 abripi.
723 1786 956 1837 Ferocius
975 1798 1278 1851 nugatorem
1292 1785 1507 1849 limilem
1525 1784 1982 1843 trastavitJoannes
1996 1787 2094 1836 Ga-

337 1856 521 1907 lcacius
557 1855 676 1903 Dux
705 1851 1022 1904 Mediolani,
1056 1866 1176 1898 nam
1206 1850 1326 1898 cum
1356 1851 1400 1898 ei
1427 1844 1802 1911 Astrologaster
1840 1862 2093 1901 maturam

337 1930 563 1969 mortem
595 1915 884 1981 praediceret
904 1947 918 1969 ,
946 1909 1138 1977 sibique
1166 1913 1253 1979 ipsi
1288 1915 1514 1962 mitiores
1535 1914 1709 1962 Parcas
1741 1912 2093 1977 polliceretur,
2150 1906 2152 1923 '

337 1983 562 2041 hominis
590 1980 755 2029 ridens
782 1976 1131 2032 stoliditatem,
1152 1980 1267 2028 Fata
1293 1977 1421 2026 illius
1448 1979 1678 2041 praecepit
1699 1977 1886 2039 laqueo
1917 1977 2093 2027 abbre-

338 2047 477 2096 viari.
550 2041 785 2109 Lepidius
804 2043 887 2092 ille
909 2043 1141 2106 Princeps
1163 2041 1465 2093 Germaniae,
1480 2042 1609 2089 inter
1628 2039 1757 2090 duos
1779 2039 2091 2106 Astrologos

339 2108 607 2159 Arbitrum
631 2110 747 2171 egit,
772 2108 821 2156 ὅ(
843 2107 872 2163 J
877 2105 1103 2155 udicem:
1139 2120 1261 2154 nam
1289 2117 1527 2153 venatum
1553 2104 1770 2168 egresso,
1795 2105 1960 2156 serena
1980 2121 2094 2159 om-

339 2175 422 2221 nia
444 2169 748 2234 Astrologus
772 2165 842 2217 est
859 2180 1152 2233 auguratus3
1187 2167 1270 2217 sed
1288 2170 1496 2230 Principi
1518 2183 1642 2216 mox
1664 2172 1883 2218 occurrit
1901 2173 2093 2234 agrico-
2149 2165 2152 2171 ’

341 2235 404 2286 la,
419 2237 505 2309 qui
527 2234 750 2307 pluviam
768 2235 814 2282 ei
832 2234 1099 2282 imminere
1111 2234 1305 2296 magnis
1328 2233 1539 2282 vocibus
1561 2230 1875 2296 fignificavit:
1896 2237 1947 2286 ὅ(
1966 2235 2093 2302 pluit

341 2310 505 2353 certe,
524 2311 646 2345 cum

659 2359 834 2406 Laudat
845 2362 1082 2407 Aratorem
1103 2363 1322 2422 Princeps,
1341 2358 1540 2424 illquue
1563 2362 1711 2410 docere

731 2421 864 2476 Astra
879 2455 893 2476 ‚
904 2423 977 2497 [ed
997 2423 1267 2484 Astrologum
1288 2424 1454 2482 sitmere
1476 2423 1614 2478 rastra
1626 2426 1770 2485 jubet.

472 2486 673 2561 thuC:
739 2485 957 2549 Argute:
993 2485 1059 2536 fic
1079 2488 1446 2552 vulpinandum
1467 2504 1587 2538 cum
1605 2490 1862 2554 vulpibu33
1904 2485 1969 2537 fic
1988 2487 2086 2538 Ar-

344 2564 397 2603 te
413 2550 515 2605 Ars
533 2549 742 2617 ipsamet
758 2551 1090 2604 emendanda,
1155 2549 1390 2606 Docuisti
1407 2553 1545 2606 Coeli
1564 2552 1938 2604 Phoenomena,
1950 2552 2088 2602 Artis

1815 2629 2023 2680 ingemo
