2175 2911
77 995 183 1043 Aa.
205 1005 278 1054 17.

77 1074 125 1106 v.
140 1070 217 1116 27.

172 2151 228 2196 In

76 2211 268 2276 Apopht.

75 2426 131 2470 In
170 2419 277 2475 confi

74 2487 126 2531 de
137 2498 279 2530 amore

66 2547 170 2612 spir.

395 144 455 190 32
973 133 1104 182 Atlas
1133 130 1458 195 Philosbphicm'.

465 215 667 269 LEUC:
741 217 888 270 Tales
910 220 1244 288 Philosophos
1270 223 1303 273 si
1335 224 1569 273 educaret
1586 219 1865 286 Peripatus,
1903 224 2075 280 multi,

317 279 510 335 credo,
538 281 701 332 utilius
720 282 966 348 saperent,
991 289 1104 350 quia
1126 287 1331 336 sanetius
1354 290 1604 337 viverent:
1628 300 1735 334 non
1757 283 1872 333 esset
1891 288 2077 351 pericu·

329 344 836 397 liin1‚neAuditoria
863 347 1124 412 perflarent
1153 351 1398 399 Vanitatis
1430 365 1511 399 am
1553 349 1710 398 ullatae
1737 349 1967 406 Favonii,
1997 349 2076 399 sed

328 404 446 455 aura
466 407 748 458 fruerentur
772 408 982 461 aetherea
998 447 1010 466 ,
1034 414 1309 462 Auditores
1334 412 1486 461 ess'ent
1557 414 1734 466 oelites‚
1762 413 2078 476 Repetitores

325 470 598 535 Seraphim.
697 474 820 527 Sed,
846 488 1008 534 putas,
1032 478 1219 524 multos
1242 475 1490 530 ejusmodi
1511 475 1712 540 Sophos
1739 509 1752 529 ,
1786 477 1836 523 in
1855 475 2077 526 Philoso—

325 536 481 598 phieis
506 536 690 585 laudari
714 537 840 589 fastis
863 540 877 586 ἒ
958 542 1113 586 MEL:
1180 542 1286 588 Tot
1312 539 1598 592 laudantur,
1619 552 1747 601 quot
1765 537 1821 585 ut
1839 542 1942 587 veri
1968 538 2076 587 Phi-

324 599 522 662 losophi
540 600 770 655 (Sanetos
790 601 1038 666 intelligo)
1060 602 1401 666 praedi'cantur.
1469 601 1645 664 Atque
1655 613 1713 650 ut
1730 600 1908 650 melius
1927 601 2075 652 discas

322 663 578 713 Dostrinae
594 663 736 719 hujus
756 664 930 715 ascesin
942 666 1225 729 praefica-m,
1241 666 1425 714 ducam
1435 677 1579 729 tepet
1597 664 1839 728 exempla.
1879 666 2074 713 Divum

323 728 595 790 Ignatium,
617 730 668 775 in
680 728 772 776 hac
785 742 887 778 arte
900 727 1566 794 Magistrum‚contemplare
1582 745 1595 780 3
1622 729 1672 777 δε
1690 729 1911 777 invenies
1926 728 2074 777 DEO

320 792 511 855 semper
525 791 870 847 conjunctum,
887 792 968 840 etii
989 789 1284 841 abstractum
1307 794 1358 840 in
1370 793 1624 840 creaturis:
1662 787 1771 840 imo
1794 790 1911 840 ideo
1933 787 2001 838 est
2027 792 2079 839 in

321 854 469 903 DEO
488 886 500 907 ,
521 857 635 915 quia
659 856 780 903 vivit
800 872 918 904 cum
938 859 1194 909 creaturis,
1218 856 1459 918 inquibus
1471 853 1875 918 DEUMsemp-:r
1887 856 2077 917 quaetit,

323 919 590 966 &invenit.
614 919 741 965 Non
760 921 842 966 ille
863 920 957 967 alta
973 922 1091 983 petit
1111 934 1229 966 cum
1252 918 1630 971 learo,Coelum
1645 931 1941 980 empyreum
1957 932 2077 966 cum

325 979 620 1043 Gigantibus
641 996 748 1028 non
769 981 1086 1030 conscendit:
1108 984 1290 1041 quaevis
1306 981 1546 1029 Creatura
1566 980 1633 1026 illi
1645 981 1914 1028 acclamat:
1936 981 2080 1029 Ecce!

323 1059 403 1089 non
435 1044 554 1100 longe?
586 1041 639 1094 est
666 1042 720 1088 ab
741 1059 984 1103 unoquoque
1008 1041 1214 1093 nostram,
1237 1056 1392 1101 quem
1413 1043 1604 1102 quaeris.
1701 1043 1971 1093 DEUMin
1985 1055 2080 1091 ter-

321 1122 374 1154 ra
392 1105 532 1152 sentis
547 1116 836 1166 portantem
849 1135 860 1156 ‚
881 1105 934 1150 in
944 1117 1073 1163 aqua
1094 1103 1374 1154 lavantem,
1398 1101 1778 1150 calefacientem
1798 1105 1849 1151 in
1868 1106 1980 1165 igne
1996 1138 2008 1158 ,
2028 1107 2080 1153 in

319 1171 434 1216 a'e're
456 1166 849 1228 refrigerantem.
966 1164 1141 1212 Solem
1173 1162 1206 1210 si
1226 1163 1404 1227 aspexit
1434 1164 1651 1226 Igu-atius
1675 1197 1688 1217 ,
1729 1180 1853 1213 mox
1873 1167 2078 1218 DEUM

319 1230 530 1292 agnovit
555 1228 675 1274 lucis
695 1227 991 1276 Authorem
1006 1243 1015 1273 :
1033 1227 1084 1274 in
1097 1226 1215 1274 cibis
1226 1222 1453 1290 gustabat
1473 1227 1525 1275 N
1530 1230 1761 1276 utrieium
1777 1262 1790 1282 ,
1830 1230 2080 1278 Maecena-

318 1303 425 1339 tem
438 1289 670 1355 portabat
681 1292 733 1339 in
746 1287 951 1341 veste,in
967 1289 1096 1338 libris
1111 1289 1342 1337 audiebat
1353 1286 1722 1353 Magistrum,in
1732 1293 2079 1356 Superioribus

317 1354 401 1403 sus
426 1352 604 1402 iciebat
634 1353 922 1418 supremum
946 1355 1275 1417 Superiorum
1304 1354 1541 1401 omnium
1559 1354 1963 1404 Moderatorciri.
2028 1358 2074 1404 δὲ

294 1421 368 1467 ,νί
408 1419 444 1464 it
463 1415 754 1470 Samsones,
787 1417 904 1465 DEI
929 1416 1149 1464 laudavit
1180 1417 1484 1479 potentiam:
1522 1414 1555 1464 fi
1585 1418 1887 1466 Salomones
1910 1451 1922 1472 ‚
1944 1420 2077 1483 Sapi-

321 1481 510 1528 entiam
539 1478 797 1528 adoravit:
851 1478 885 1527 fi
914 1477 1171 1526 formosos
1199 1478 1468 1544 Adonides
1491 1512 1503 1532 ‚
1540 1480 1964 1543 pulchritudinem
1995 1481 2077 1530 ad-

318 1541 592 1592 mirabatur
607 1575 619 1594 ,
657 1545 707 1591 &
727 1557 784 1589 ex
806 1542 970 1590 rivulo
991 1554 1187 1595 creato,
1223 1557 1346 1590 mox
1370 1544 1422 1590 in
1442 1543 1746 1593 immensum
1769 1544 1861 1593 sese
1884 1543 2077 1593 demer-

319 1604 376 1653 fit
398 1603 778 1653 Pulchritudinis
810 1607 1036 1653 increatae
1058 1606 1345 1653 Oceanum.
1445 1604 1533 1654 Ad
1555 1607 1808 1656 Creatoris
1832 1608 2001 1656 laudes
2024 1609 2077 1656 il-

319 1668 429 1716 lum
451 1667 741 1716 animabant
753 1669 955 1717 aviculae
972 1701 984 1721 ,
1012 1670 1062 1716 in
1073 1667 1401 1717 concentibus
1415 1667 1610 1716 musicis
1622 1669 1855 1719 audiebat
1867 1670 2076 1720 Choros

317 1726 563 1783 coelestes,
585 1734 634 1780 ἅ
655 1731 976 1780 harmoniam
993 1734 1235 1780 virtutum
1254 1732 1428 1779 animo
1441 1730 1802 1782 considerabat.
1870 1734 2078 1782 Notum

321 1790 391 1842 est
412 1809 468 1841 ex
482 1794 610 1843 Vitae
634 1793 778 1858 ipsius
791 1794 1112 1859 Apographis
1127 1828 1140 1849 ,
1167 1791 1312 1857 quod
1330 1792 1357 1843 a
1375 1793 1589 1844 flosculis
1608 1806 1773 1860 raptus
1797 1789 1916 1860 [εἶθ
1937 1795 1988 1843 in
2001 1810 2076 1844 ex-

318 1855 440 1905 tasin
469 1877 478 1901 :
532 1854 676 1918 quod
696 1857 865 1906 Sidera
897 1857 1263 1923 contemplanti
1283 1856 1541 1906 sorderent
1564 1870 1788 1907 terrena:
1827 1856 1971 1921 quod
1992 1873 2077 1908 an-

321 1921 665 1969 tonomal'tico
685 1924 895 1969 nominc
909 1927 1060 1971 Pater,
1083 1920 1318 1984 quifemper
1338 1922 1487 1969 Coelum
1498 1921 1665 1983 ficspicit
1683 1917 1860 1983 :quod
1874 1919 1901 1969 ὲ
1913 1920 2076 1970 flumi-

318 1986 391 2029 nis
410 1980 668 2045 crystallini
695 1980 830 2032 unda·
853 1985 1106 2048 speculum
1130 1982 1216 2032 fibi
1251 1981 1481 2033 formarit
1517 1985 1580 2033 ad
1600 1983 1996 2048 contemplanda
2016 1983 2070 2034 fi-

324 2045 403 2092 dei
427 2043 603 2094 nosttae
630 2044 886 2111 mysteria:
926 2047 1113 2100 verbo,
1137 2044 1281 2110 quod
1311 2061 1575 2110 nunquam
1609 2047 1671 2095 de
1698 2049 1901 2096 terrenis
1936 2048 2076 2098 locu-

324 2119 427 2161 tus,
451 2107 562 2159 nisi,
590 2109 781 2159 ascensu
805 2110 939 2158 facio
970 2110 1033 2159 ad
1062 2109 1241 2163 sidera,
1271 2109 1538 2160 discursum
1570 2126 1690 2160 cum
1709 2110 2000 2160 hominibus
2021 2112 2073 2158 in

322 2182 450 2218 terra
474 2184 703 2233 coeptum
726 2205 738 2226 ,
768 2188 885 2222 cum
907 2174 1115 2237 Angelis
1137 2176 1189 2224 in
1211 2174 1370 2222 Coelo
1390 2173 1568 2224 finiret.
1669 2175 1790 2223 Haec
1809 2173 1950 2231 hujus
1963 2171 2073 2222 Phi-

318 2233 516 2298 losophi
540 2232 695 2282 studia
710 2267 722 2288 ,
746 2234 794 2282 hi
809 2249 1044 2285 conatus:
1082 2236 1211 2286 hanc
1222 2236 1624 2302 Philosophiam,
1644 2251 1801 2300 quam
1822 2235 1978 2289 Coelo
2001 2234 2070 2283 di-

322 2295 438 2344 dicit
461 2294 702 2360 Magistro
719 2330 731 2349 ,
768 2298 1051 2347 discendam
1073 2300 1161 2348 suis
1185 2301 1364 2363 pariter
1385 2300 1598 2349 tradidit.
1679 2302 1731 2349 N
1737 2314 1832 2348 unc
1842 2295 1992 2354 juffit,
2014 2310 2068 2346 ut

324 2374 443 2407 cum
463 2360 649 2408 Mundi
681 2359 860 2408 asseclis
886 2364 1097 2411 circulos
1125 2363 1503 2427 ingrederemur
1524 2399 1538 2415 ,
1569 2363 1650 2412 sed
1681 2375 1735 2411 ut
1759 2362 1870 2408 illos
1901 2361 2069 2410 nobis-

323 2436 444 2471 cum
465 2424 516 2470 in
536 2423 700 2486 spiritu
722 2423 1048 2474 educeremus
1071 2443 1079 2472 :
1119 2428 1308 2478 voluit,
1343 2440 1394 2474 ut
1417 2427 1600 2476 Mundi
1630 2422 1916 2488 Philosophi
1940 2423 2069 2472 face-

323 2497 433 2535 rent
452 2483 738 2550 praemiss'as,
762 2501 856 2534 nos
881 2486 1176 2536 adderemus
1199 2488 1414 2539 sanCtam
1435 2485 1833 2539 conclusionem.
1911 2488 1964 2535 N
1969 2502 2068 2537 unc

324 2547 464 2598 suasit
478 2580 491 2604 ,
496 2549 710 2610 speculari
731 2551 946 2601 DEUM,
971 2553 1014 2596 in
1028 2551 1202 2611 singulis
1220 2551 1465 2606 existentem
1483 2552 1687 2615 creatqris
1700 2567 1713 2594 .·
1752 2549 1973 2656 elemen‘tils
1993 2553 2068 2613 qui

1939 2628 2002 2658 em
