2175 2911
407 155 423 185 1
436 140 497 184 60
1003 132 1198 182 Ariadne
1220 129 1406 194 Phyfica.

464 225 663 279 LEUC:
733 220 813 277 Est
843 241 1026 292 nempe
1054 228 1283 276 inimicus
1313 226 1507 277 homo,
1534 227 1619 287 qui
1652 225 1704 273 in
1729 211 1965 276 naturalis
1983 228 2090 277 Ma·
2162 206 2165 208 v

337 291 429 354 giae
451 292 697 354 plantario
718 305 824 339 non
847 288 960 339 raro
983 290 1363 355 superseminare
1387 285 1510 335 solet
1534 290 1751 338 Zizania.
1854 289 1984 339 Illud
2006 305 2092 339 me

336 351 524 408 modo,
548 370 744 418 precor,
771 352 1011 406 edoceas,
1038 367 1267 415 quaenam
1288 354 1337 398 in
1358 349 1569 399 homine
1597 354 1722 400 mira
1742 365 1980 415 operetur
1993 353 2095 402 Na-

338 429 472 471 tura,
503 431 555 467 ut
584 417 789 481 ipsemet
822 416 989 464 homo
1016 418 1095 465 illa
1123 413 1385 478 stupescat,
1409 414 1546 461 velut
1582 415 1827 463 Miracula
1851 417 1867 462 ἓ
1933 417 2091 461 MEL:

337 481 521 529 Homo
545 485 698 529 totius
724 483 926 529 *Naturae
949 480 1340 544 compendium,
1382 477 1501 538 quid
1532 481 1718 526 mirum
1750 477 1782 525 fi
1822 477 1878 526 fit
1908 479 2088 542 Magia:

339 545 570 592 naturalis
594 546 819 607 epitome
840 545 859 590 ,ἒ
894 543 1091 606 seligam
1117 540 1306 589 curiosa
1330 538 1486 603 magis
1508 571 1520 593 ,
1547 543 1598 589 ὅ(
1622 543 1816 603 aptiora
1836 541 2089 594 discursui,

343 621 568 669 quorum
593 605 795 670 analylis
818 605 1029 672 physica,
1052 606 1129 654 vel
1153 604 1326 669 sponte
1347 601 1468 650 fluet
1490 617 1546 651 ex
1570 603 1725 656 dic'tis,
1747 605 1827 653 vel
1847 601 1991 652 facile
2012 604 2096 653 da-

166 668 221 727 ,a
343 670 475 718 bitur
501 685 558 718 ex
581 669 816 718 dicendis,
885 685 912 717 a
946 669 1093 717 Solus
1116 671 1243 716 inter
1274 666 1506 714 animalia
1534 665 1702 716 homo
1736 666 1949 716 fulmine
1984 681 2094 716 non

98 716 312 767 le.l.2.
344 732 535 797 semper
559 733 874 795 extinguitur,
894 744 1066 780 caetcra
1086 729 1253 782 illico3
1287 729 1424 778 hunc
1444 744 1630 794 nempe
1661 729 1922 778 honorem
1946 728 2092 780 homi

101 798 140 830 θ·
160 792 232 838 54·
346 798 394 844 ni
414 797 661 845 tribuente
677 793 886 849 Natura,
908 794 1024 843 cum
1046 806 1123 842 tot
1145 794 1319 842 belluae
1344 792 1528 841 viribus
1550 793 1863 841 antecellant.
1902 793 1934 841 b
1969 793 2097 842 Nul-

184 843 219 891 b
347 860 456 908 lum
473 860 657 907 animal
677 859 953 922 lacrymans
975 857 1199 911 nascitur,
1222 868 1395 921 praeter
1419 855 1705 909 hominem,
1731 860 1817 918 qui
1842 868 1955 905 ante
1977 870 2096 917 qua-

103 905 316 983 ,Ῑάθῃῑζςῗ-
350 921 684 986 dragcfimum
707 921 842 969 diem
870 936 976 969 non
1008 921 1148 972 ridet,
1165 932 1219 968 ut
1241 920 1423 972 videas,
1443 934 1547 966 rara
1573 918 1666 966 css'e
1686 919 1960 967 hominum
1980 933 2098 981 gau-

101 975 322 1019 ΜΡΥΟΒΜ·
350 984 457 1038 dia,
485 1000 711 1046 quorum
741 986 963 1047 primum
990 996 1069 1030 tot
1096 983 1324 1043 lacrymis
1354 982 1524 1028 licitari
1552 981 1676 1029 solet
1695 983 1904 1031 Natura.
1974 997 2002 1030 c
2037 983 2097 1029 In

199 1046 230 1081 c
343 1048 696 1112 Septentrione
728 1045 862 1092 haud
890 1045 1069 1106 procul
1096 1043 1157 1090 ab
1188 1043 1294 1104 ipso
1320 1043 1594 1101 Aquilonis
1635 1054 1814 1091 exortu
1849 1042 2100 1107 Arimaspi

101 1095 318 1152 Herm-7·
346 1110 580 1159 homines
607 1108 941 1169 reperiuntur,
974 1119 1080 1151 uno
1109 1102 1308 1150 tantum
1333 1104 1383 1149 in
1407 1102 1576 1150 fronte
1600 1105 1786 1152 oculo:
1822 1105 1951 1153 bella
1975 1120 2095 1154 cum

104 1173 194 1208 ⁶·2·
350 1171 564 1234 Grvphis
586 1179 789 1232 gerunt,
814 1168 917 1214 auri
940 1163 1247 1214 custodibus,
1317 1165 1350 1211 d
1402 1166 1458 1212 Iu
1487 1165 1705 1214 Albania
1736 1169 1838 1215 nati
1872 1168 2099 1217 feruntur

199 1220 233 1267 d
350 1228 556 1297 quidam
573 1264 584 1284 ,
605 1226 780 1294 glauca
810 1229 1081 1277 oculorum
1105 1231 1235 1281 acie,
1260 1225 1286 1275 a
1316 1229 1521 1292 pueritia
1549 1225 1712 1277 statim
1744 1233 1881 1284 cani,
1904 1227 2095 1293 quique

105 1285 320 1337 Id.l.6·1-
348 1298 507 1346 nocitu
535 1293 828 1358 pluS,quam
857 1292 1071 1340 interdiu
1104 1303 1326 1340 cernant.
1394 1306 1421 1338 c
1466 1292 1601 1339 Gens
1632 1293 1684 1339 in
1714 1293 1887 1342 Africa
1917 1295 2099 1358 Psyllo·

349 1376 464 1410 rum
484 1359 594 1411 fuit,
617 1354 790 1421 postea
807 1354 835 1403 a
854 1355 1225 1405 Nasamonibus
1247 1354 1426 1407 deleta,
1440 1368 1548 1416 quae
1568 1354 1830 1418 serpentes,
1849 1356 1959 1405 solo
1983 1372 2096 1405 cor-

202 1425 230 1460 Ε
346 1437 534 1490 porum
553 1420 739 1473 odore,
761 1421 810 1468 ὅ(
830 1418 990 1481 sopire
1012 1430 1226 1482 poterat,
1242 1419 1290 1468 ὅς
1313 1418 1509 1480 fugare:
1545 1415 1841 1482 agnitusque
1860 1416 1929 1468 est
1949 1416 2099 1469 instar

106 1480 227 1529 Idem
245 1475 318 1523 Η·
346 1485 512 1551 spurii,
535 1497 690 1546 quem
711 1497 821 1530 non
841 1478 1002 1530 subito
1023 1481 1260 1531 horrebat
1288 1479 1496 1544 serpens.
1583 1479 1697 1530 Imo
1721 1483 1988 1546 plerosque
2006 1482 2100 1532 ho-

201 1540 231 1590 f
348 1552 509 1599 mines
537 1547 800 1594 inimicum
821 1545 1027 1608 serpenti
1052 1547 1182 1593 virus
1203 1545 1332 1591 alere
1348 1542 1556 1593 Author
1575 1541 1643 1592 est
1662 1545 1874 1598 Plinius,
1926 1546 1955 1594 f
1979 1561 2098 1595 nam

110 1608 166 1655 L.
182 1621 218 1652 c-
350 1608 497 1660 saliva
529 1610 664 1658 velut
693 1605 822 1670 aqua
849 1608 1142 1660 ebulliente,
1170 1607 1440 1661 laeduntur,
1463 1623 1521 1655 ac
1551 1607 1585 1656 si
1608 1623 1665 1656 ea
1698 1608 1846 1665 jejuni
1872 1609 2098 1657 hominis

199 1681 232 1732 g
349 1675 526 1726 fuerit,
550 1687 607 1719 ac
628 1673 959 1735 penetraverit
985 1671 1176 1725 fauceS‚
1197 1668 1332 1719 illico
1365 1670 1642 1734 serpentem
1668 1685 1830 1719 necat.
1929 1668 2009 1720 Est
2030 1684 2100 1720 ta-

110 1734 232 1782 Idem
258 1728 289 1776 l.
350 1751 472 1787 men
501 1736 696 1797 aliquos
723 1735 962 1796 reperire,
983 1736 1069 1796 qui
1098 1735 1229 1783 virus
1253 1733 1463 1798 serpenti
1494 1748 1705 1796 quoque
1732 1734 2102 1798 sympathicum

113 1799 242 1853 28·C·
261 1805 303 1853 3·
351 1800 592 1850 nutriunt.
659 1812 693 1861 g
742 1799 882 1847 Nam
903 1796 1136 1846 homines
1159 1797 1448 1862 Ophigenes
1466 1797 1633 1846 videas
1659 1800 1709 1846 in
1728 1797 1889 1846 Insula
1903 1798 2097 1862 Cypro,
2134 1804 2137 1805 ’

354 1865 442 1926 qui
462 1861 488 1910 a
513 1859 814 1925 serpentibus
839 1859 947 1909 laedi
972 1873 1255 1923 nequeunt:
1308 1857 1417 1909 imo
1439 1861 1588 1908 etiam
1622 1859 1758 1909 laesos
1787 1860 1896 1910 solo
1926 1871 2099 1909 conta·-

355 1930 439 1977 ctu
462 1925 655 1975 levant:
701 1925 769 1971 rei
789 1935 891 1971 tam
917 1925 1176 1988 paradoxae
1200 1924 1445 1989 specimen
1466 1923 1588 1972 vidit
1602 1926 1790 1975 Roma,
1816 1922 1937 1972 cum
1962 1938 2020 1971 ex
2043 1923 2099 1971 il-

354 1993 526 2039 lorum
554 1987 754 2036 Familia
772 1987 986 2049 Legatus
1002 2019 1016 2039 ,
1036 1984 1286 2036 Estachon
1309 1990 1537 2041 nomine,
1563 1988 1613 2035 in
1626 1987 1886 2052 Capitolio
1905 1985 1952 2035 se
1972 1983 2101 2035 stitis-

357 2054 448 2101 set:
478 2068 596 2100 nam
614 2051 827 2099 veritatis
848 2050 1162 2115 explorandae
1175 2066 1230 2115 gr
1262 2049 1346 2104 tia,
1359 2050 1503 2099 dolio
1523 2049 1824 2115 serpentibus
1837 2049 2100 2116 pleno,ubi

356 2115 450 2165 fuit
477 2112 714 2162 immissus
731 2146 744 2167 ,
760 2128 884 2162 mox
906 2126 1151 2165 venenata
1170 2114 1251 2163 col
1312 2115 1411 2164 vies
1429 2147 1443 2168 ,
1474 2116 1645 2163 amicis
1669 2115 1892 2163 amicum
1915 2111 2098 2162 blandi-

354 2178 447 2235 tijs,
463 2176 887 2239 circumlingebat.
955 2179 1013 2226 In
1026 2177 1201 2227 Africa
1223 2177 1431 2226 familias
1452 2177 1662 2241 legimus
1685 2175 2096 2227 effascinantium3

356 2256 476 2289 nam
500 2250 687 2286 nocent
706 2239 985 2288 laudando:
1039 2242 1289 2289 intereunt
1323 2239 1502 2295 abillis
1529 2241 1765 2305 probata,
1786 2239 2004 2290 arescunt
2023 2250 2095 2283 ar·

120 2303 331 2359 Ide-mla.
359 2305 530 2355 bores,
556 2303 869 2350 emoriuntur
888 2304 1114 2352 infantes.
1193 2304 1342 2354 Alios
1359 2306 1410 2352 in
1429 2304 1616 2368 Illyriis,
1640 2307 1690 2354 <Sc
1708 2303 1932 2353 Triballis
1956 2313 2098 2347 com-

363 2367 604 2430 perimus,
659 2366 744 2424 qui
777 2363 948 2413 fixiore
973 2366 1165 2430 aspcfflu
1192 2368 1500 2420 interimunt,
1519 2379 1640 2418 tunc
1661 2360 2096 2433 praecipue,quan·

365 2428 436 2477 do
454 2428 590 2478 oculi
619 2442 715 2492 prae
737 2428 987 2478 iracundia
1015 2431 1306 2479 scintillant:
1394 2433 1445 2478 in
1469 2431 1709 2480 alterutro
1743 2429 1853 2490 equi
1881 2425 2098 2489 effigiem

364 2491 556 2542 ferunt,
588 2492 700 2541 &in
723 2502 939 2552 utroque
957 2495 1213 2555 geminam
1237 2493 1507 2558 pupillam:
1528 2495 1578 2543 id
1591 2492 1730 2556 quod
1752 2486 1960 2539 minime
1991 2501 2098 2536 ver-

363 2554 465 2613 bis,
484 2549 640 2607 solive
665 2552 902 2620 aspectui,
923 2554 1005 2612 sed
1024 2557 1324 2626 contagiosis
1353 2557 1767 2623 corpusculorum
1792 2544 2098 2665 effiucivkiisoest

1863 2632 1891 2667 a
1947 2629 2034 2665 cn·
