2175 2911
356 107 388 151 Ε
957 98 1087 148 Atlas·
1116 97 1446 162 Philqffiphz'cus.

293 195 575 266 appellabit,
599 195 660 245 ab
680 194 937 244 elementis
953 193 1190 243 omnibus
1215 190 1510 243 distine'tam.
1581 193 1632 245 Ο
1670 194 1939 248 inabuntut
1952 198 2056 250 Ve-

290 277 459 312 terum
480 259 747 314 nonnulli,
779 257 1052 307 Coelorum
1079 261 1344 307 materiam
1371 256 1619 307 sublunari
1684 265 2052 324 eterogeniam:

291 328 556 377 Neoteriei
588 323 957 385 homogeniam
979 319 1317 370 affirmabunt,
1408 321 1509 372 Pro
1530 320 1700 372 forma
1721 322 2054 390 Philosophus

291 390 380 440 illis
401 392 587 435 animam
606 383 845 438 adstruet,
867 386 1133 435 Avicenna
1148 380 1479 449 phantasticus
1500 385 1834 451 phantasiams
1854 387 2052 452 Simpli-

292 457 423 507 cius,
459 451 676 500 nimium
698 448 900 514 simplex
915 482 928 502 ,
953 450 1104 496 etiam
1124 450 1318 495 auditum
1338 447 1558 514 affinget,
1581 452 1632 500 ὅ(
1651 449 1811 508 vzfiaem:
1849 451 1924 507 alij
1951 455 2053 500 for-

291 532 435 565 mam
461 516 835 563 elementorum
864 545 876 565 ,
908 513 981 568 alii
1006 513 1154 560 aliam
1181 544 1195 565 ,
1231 511 1293 560 ab
1313 510 1441 560 hisce
1473 513 1713 562 omnibus
1745 510 2056 577 assignabunt

291 577 588 629 distinstam.
675 578 913 638 Denique
934 576 1181 640 putabunt
1203 590 1324 624 cum
1343 575 1656 640 Philosopho
1680 576 1845 630 multi,
1874 577 2057 627 Coelos

291 646 461 694 omnis
481 642 818 706 corruptionis
842 652 1089 704 expertes:
1116 638 1295 688 contra
1315 639 1680 705 corruptibiles,
1695 641 1744 690 ὅς
1770 655 1854 705 per
1867 640 2059 690 Come-

289 719 455 756 tarum
475 706 827 771 phoenomena
848 718 905 751 ex
920 715 1057 767 parte
1077 703 1474 767 corruptos,imo
1495 703 1624 758 iuxta
1634 704 1895 767 Scripturae
1912 703 2057 768 phra-

290 769 379 824 lin,
393 773 610 831 perituros
632 768 707 823 alii
729 767 1019 816 tuebuntur.
1097 768 1172 815 En
1191 778 1321 829 quot
1341 768 1625 831 putantium
1645 765 1831 816 diversa
1851 767 2030 824 judicia
2044 799 2060 821 ,

292 847 422 896 quot
445 835 762 898 opinantium
782 833 997 879 errores!
1034 845 1217 894 nempe
1235 829 1415 878 sestam
1443 829 1743 894 profitemur
1757 845 1939 879 omnes
1954 830 2059 878 Pla-

291 897 549 947 tonicam,
581 910 690 959 quae
712 895 857 943 suum
868 908 1064 943 nomen
1088 890 1446 940 &Dubitantibus
1469 895 1641 946 traxit,
1663 889 1910 957 praecipue
1931 892 1967 942 si
1999 893 2062 941 de

290 956 576 1012 coelestibus
602 957 1033 1023 philosophemur.

417 1022 615 1073 LEUC:
684 1020 920 1069 Adverto
938 1051 950 1072 ,
971 1019 1305 1066 divinationes
1335 1019 1384 1067 ὅ(
1407 1020 1460 1065 in
1484 1019 1716 1081 Peripato
1738 1016 1960 1083 prostare
1973 1033 2059 1069 ve·

290 1087 441 1136 nalcs.
479 1086 569 1133 An
588 1082 712 1130 nihil
725 1082 904 1128 certius
925 1081 986 1127 de
999 1079 1276 1128 Coelorum
1287 1094 1507 1127 numero
1522 1079 1812 1143 Philosophi
1827 1079 2061 1130 afferunt?

289 1152 446 1197 MEL:
515 1147 659 1197 Dixi,
680 1146 734 1191 in
751 1144 949 1205 Topica
971 1141 1175 1189 tradunt
1197 1141 1461 1189 Mundum
1486 1139 1772 1190 coelestem:
1809 1142 1927 1192 hinc
1951 1148 2061 1208 opi-

289 1222 472 1260 nantur
490 1203 741 1257 continuo
756 1238 769 1258 ,
791 1203 878 1254 nifi
901 1203 1098 1253 radium
1123 1203 1281 1258 subin,
1302 1199 1330 1252 ὲ
1357 1202 1487 1253 sacra
1504 1206 1766 1269 Scripturae
1787 1205 2059 1271 Analytica

290 1274 537 1324 hauriant.
639 1269 822 1319 Coelos
849 1283 1071 1317 numero
1095 1268 1259 1332 plures
1279 1265 1547 1332 assignans
1583 1283 1849 1318 numerare
1870 1272 1950 1319 vix
1969 1285 2063 1335 po-

291 1339 405 1386 teris
426 1337 627 1386 numeri
648 1331 1000 1383 diversitatem.
1059 1331 1160 1388 Alij
1193 1346 1372 1385 unum,
1387 1331 1545 1386 duos,
1575 1332 1791 1389 treszalij
1812 1345 2061 1395 quatuor,

291 1402 369 1457 alii
391 1399 541 1452 osto,
571 1397 647 1454 alii
673 1396 878 1448 decem3
916 1394 1195 1443 duodecim
1217 1394 1294 1451 alii
1315 1392 1402 1442 fibi
1420 1394 1642 1460 fingunts
1667 1396 1982 1452 crediderim,
2003 1408 2060 1446 ut

291 1462 556 1512 deficiente
569 1476 677 1509 uno
698 1474 807 1508 non
832 1457 1029 1507 deficiat
1048 1458 1261 1507 alterum
1274 1491 1286 1512 ,
1307 1457 1577 1522 securaque
1592 1458 1814 1524 pluribus
1826 1459 2061 1509 reddatur

289 1528 430 1576 salus.
530 1523 733 1573 Solidos
753 1520 846 1570 ess'e
866 1522 1073 1574 Coelos,
1103 1523 1153 1571 ὅ(
1174 1522 1314 1571 velut
1334 1537 1391 1569 ex
1406 1522 1660 1586 diaphzzuo
1682 1520 1913 1588 crystallo
1936 1538 2060 1573 con-

288 1590 501 1654 gelatos,
522 1600 606 1636 aut
627 1590 778 1635 etiam
804 1601 862 1633 ex
886 1600 979 1633 aere
998 1584 1252 1637 fusos,s1bi
1272 1585 1423 1646 aliqui
1447 1588 1807 1649 imaginantur:
1839 1587 1915 1644 alij
1936 1600 2062 1635 con-

287 1652 362 1701 tra
380 1650 599 1714 liquidos
619 1647 714 1698 esse
739 1660 942 1712 putant3
979 1650 1187 1711 quinam
1208 1647 1369 1696 verius
1384 1661 1562 1712 putent
1577 1682 1590 1699 ,
1615 1649 1815 1713 Apollo
1835 1651 1916 1697 vix
1937 1649 2060 1698 divi-

286 1714 432 1765 narit.
479 1716 668 1763 Dicent
686 1713 755 1761 illi
773 1715 826 1760 in
848 1711 1012 1761 solidis
1031 1710 1232 1760 solidius
1257 1712 1486 1775 explicari
1503 1712 1888 1776 S.Scripturam:
1915 1712 2058 1775 repli-

288 1779 476 1829 cabunt
498 1774 590 1833 isti,
604 1779 656 1825 in
675 1776 871 1840 liquidis
890 1774 1124 1839 liquidius
1145 1774 1272 1824 solvi
1285 1775 1424 1825 Coeli
1441 1774 1810 1840 phoenomena.
1880 1776 1969 1824 His
1989 1774 2061 1823 se-

286 1839 513 1906 questros
532 1840 579 1890 se
599 1841 749 1903 aliqui
772 1842 1103 1905 interponunt
1125 1871 1139 1893 ,
1170 1837 1295 1888 dum
1314 1837 1526 1888 Coelum
1547 1838 1894 1904 planetarium,
1910 1853 2060 1903 prop-

287 1919 362 1954 ter
379 1907 635 1954 intricatos
653 1904 873 1953 invicem
893 1915 1066 1953 motus
1085 1898 1797 1965 liquidum,firmamentivero
1817 1900 2056 1956 solidum,

291 1972 342 2019 &
360 1984 417 2017 ex
439 1970 659 2018 nominis
685 1979 862 2030 etymo
893 1965 1101 2015 firmum
1116 1998 1129 2020 ,
1151 1964 1363 2028 fixumq3
1388 1965 1668 2030 perhibent,
1691 1967 1742 2015 <Sc
1765 1962 2054 2014 affeverant.

290 2032 349 2081 Id
370 2031 493 2080 mihi
513 2044 646 2080 extra
666 2030 991 2080 dubitationis
1015 2030 1176 2079 aleam
1189 2029 1641 2083 omnem,Coelum
1662 2027 2058 2093 empyreum,so-

289 2094 397 2144 lido
412 2095 547 2144 velut
569 2110 626 2143 ex
651 2095 917 2145 adamante
937 2092 1117 2143 fusum.
1156 2092 1257 2142 Sed
1271 2107 1365 2141 nee
1386 2089 1680 2142 lucidissima
1699 2090 1806 2141 haec
1816 2090 1966 2139 Sedes
1987 2090 2051 2138 ab

290 2159 611 2222 opinantium
632 2158 847 2207 tenebris
876 2159 1132 2207 immunis.
1202 2155 1494 2221 Eugubinus
1516 2170 1612 2205 nec
1633 2166 1938 2207 creaturam,
1957 2167 2054 2201 nee

48 2212 94 2258 5²²
107 2204 263 2265 C⁰sm⁰·
291 2222 497 2272 DEUM
517 2219 608 2268 ess'e
631 2220 786 2270 ass'erit
799 2222 993 2271 Aulam‘
1010 2217 1151 2272 istam
1164 2235 1337 2286 empyr
1344 2235 1474 2274 eam,
1487 2218 1569 2268 sed
1579 2220 1713 2265 lucem
1724 2217 1931 2282 quandam
1943 2216 2052 2265 Nu-

40 2273 165 2337 μία.

294 2286 418 2334 mini
435 2296 757 2337 coaeternam,
771 2287 820 2335 ὅ(
842 2288 1132 2338 increatam,
1153 2297 1303 2347 atque
1325 2299 1382 2333 ex
1402 2283 1571 2332 divina
1590 2280 1801 2332 Effentia
1818 2292 2054 2327 emanan-

49 2337 118 2395 Pfi
135 2346 239 2392 103.
295 2362 426 2398 tem:
462 2347 707 2394 hoclumine
721 2347 829 2403 ficut
844 2348 1092 2402 vestimento
1115 2348 1318 2395 amic'ifum
1342 2348 1564 2402 DEUM;
1599 2343 1862 2393 hanclllum
1883 2341 2051 2388 inhabi-

49 2400 164 2449 Tim.
184 2398 229 2443 6.

296 2426 392 2459 tare
415 2412 548 2457 lucem
570 2408 908 2470 inacceffibilem:
945 2413 1024 2459 hac
1041 2412 1244 2458 claritate
1267 2407 1526 2461 Christum
1552 2405 1855 2464 clarificatum,
1894 2418 2049 2467 quam

49 2463 186 2523 JOan·
206 2471 264 2519 17
296 2474 430 2541 apud
452 2475 651 2524 Patrem
673 2471 845 2521 habuit
865 2475 1005 2524 filius
1025 2476 1125 2532 iam
1145 2487 1262 2526 ante
1282 2474 1464 2523 mundi
1493 2469 1695 2520 exordia
1719 2484 1730 2514 :
1785 2467 1891 2513 hanc
1913 2469 2049 2515 lacem

52 2522 206 2583 Ecclel·
284 2550 541 2604 perpetuam
559 2538 700 2586 lucere
718 2536 875 2586 Sanftic
896 2537 983 2591 sibi
1001 2537 1210 2592 firmiter
1223 2537 1288 2590 sic
1299 2534 1574 2603 persuadet,
1594 2543 1649 2586 ut
1661 2532 1812 2583 etiam
1824 2529 1946 2578 alios
1966 2545 2054 2581 ve-

1807 2593 1863 2645 lit
1875 2591 1968 2644 effe
