<?xml version="1.0" encoding="UTF-8"?>
<!DOCTYPE html PUBLIC "-//W3C//DTD XHTML 1.0 Transitional//EN"
    "http://www.w3.org/TR/xhtml1/DTD/xhtml1-transitional.dtd">
<html xmlns="http://www.w3.org/1999/xhtml" xml:lang="en" lang="en">
 <head>
  <title>
</title>
<meta http-equiv="Content-Type" content="text/html;charset=utf-8" />
  <meta name='ocr-system' content='tesseract 3.04.00' />
  <meta name='ocr-capabilities' content='ocr_page ocr_carea ocr_par ocr_line ocrx_word'/>
</head>
<body>
  <div class='ocr_page' id='page_1' title='image "./nostritemporisph00schw/nostritemporisph00schw_0029.png"; bbox 0 0 2242 2911; ppageno 0'>
   <div class='ocr_carea' id='block_1_1' title="bbox 647 136 1796 198">
    <p class='ocr_par' dir='ltr' id='par_1_1' title="bbox 647 136 1796 198">
     <span class='ocr_line' id='line_1_1' title="bbox 647 136 1796 198; baseline -0.002 -11"><span class='ocrx_word' id='word_1_1' title='bbox 647 136 921 197; x_wconf 76' lang='lat' dir='ltr'><strong>Mausblaeum</strong></span> <span class='ocrx_word' id='word_1_2' title='bbox 954 137 1312 198; x_wconf 78' lang='lat' dir='ltr'><strong>Peripateticum.</strong></span> <span class='ocrx_word' id='word_1_3' title='bbox 1757 151 1796 198; x_wconf 71' lang='lat'>9</span> 
     </span>
    </p>
   </div>
   <div class='ocr_carea' id='block_1_2' title="bbox 13 232 2061 2646">
    <p class='ocr_par' dir='ltr' id='par_1_2' title="bbox 13 232 2061 2646">
     <span class='ocr_line' id='line_1_2' title="bbox 89 232 1989 318; baseline -0.003 -28"><span class='ocrx_word' id='word_1_4' title='bbox 89 238 222 290; x_wconf 81' lang='lat' dir='ltr'>entia</span> <span class='ocrx_word' id='word_1_5' title='bbox 247 255 258 287; x_wconf 75' lang='lat' dir='ltr'><strong>t</strong></span> <span class='ocrx_word' id='word_1_6' title='bbox 293 247 478 300; x_wconf 85' lang='lat' dir='ltr'><strong>nempe</strong></span> <span class='ocrx_word' id='word_1_7' title='bbox 510 234 566 280; x_wconf 86' lang='lat' dir='ltr'><strong>ad</strong></span> <span class='ocrx_word' id='word_1_8' title='bbox 592 249 744 280; x_wconf 85' lang='lat' dir='ltr'><strong>veram</strong></span> <span class='ocrx_word' id='word_1_9' title='bbox 762 232 1023 293; x_wconf 82' lang='lat' dir='ltr'><em>sapientiam</em></span> <span class='ocrx_word' id='word_1_10' title='bbox 1041 237 1275 295; x_wconf 85' lang='lat' dir='ltr'><strong>pervenire</strong></span> <span class='ocrx_word' id='word_1_11' title='bbox 1303 248 1384 281; x_wconf 90' lang='lat' dir='ltr'><strong>non</strong></span> <span class='ocrx_word' id='word_1_12' title='bbox 1402 233 1566 297; x_wconf 78' lang='lat' dir='ltr'><strong>poffimt</strong></span> <span class='ocrx_word' id='word_1_13' title='bbox 1595 271 1609 289; x_wconf 90' lang='lat'><strong>,</strong></span> <span class='ocrx_word' id='word_1_14' title='bbox 1638 236 1721 301; x_wconf 74' lang='lat' dir='ltr'><strong>-qui</strong></span> <span class='ocrx_word' id='word_1_15' title='bbox 1741 235 1856 296; x_wconf 64' lang='lat' dir='ltr'><strong>falsie</strong></span> <span class='ocrx_word' id='word_1_16' title='bbox 1891 270 1989 318; x_wconf 54' lang='lat' dir='ltr'><strong>“G-</strong></span> 
     </span>
     <span class='ocr_line' id='line_1_3' title="bbox 79 290 2058 363; baseline 0.001 -14"><span class='ocrx_word' id='word_1_17' title='bbox 79 305 161 362; x_wconf 78' lang='lat' dir='ltr'><strong>fuae</strong></span> <span class='ocrx_word' id='word_1_18' title='bbox 178 302 394 363; x_wconf 74' lang='lat' dir='ltr'><strong>fizpientiae</strong></span> <span class='ocrx_word' id='word_1_19' title='bbox 412 295 571 356; x_wconf 67' lang='lat' dir='ltr'><strong>fiducia</strong></span> <span class='ocrx_word' id='word_1_20' title='bbox 602 296 822 357; x_wconf 80' lang='lat' dir='ltr'><strong>desipiunt.</strong></span> <span class='ocrx_word' id='word_1_21' title='bbox 890 300 1047 345; x_wconf 88' lang='lat' dir='ltr'><em>MEL:</em></span> <span class='ocrx_word' id='word_1_22' title='bbox 1084 300 1248 362; x_wconf 81' lang='lat' dir='ltr'><strong>Utique</strong></span> <span class='ocrx_word' id='word_1_23' title='bbox 1286 301 1355 344; x_wconf 72' lang='lat' dir='ltr'><strong>vmi</strong></span> <span class='ocrx_word' id='word_1_24' title='bbox 1374 300 1699 349; x_wconf 87' lang='lat' dir='ltr'><strong>Leucothee:</strong></span> <span class='ocrx_word' id='word_1_25' title='bbox 1732 300 1854 351; x_wconf 87' lang='lat' dir='ltr'><strong>hinc</strong></span> <span class='ocrx_word' id='word_1_26' title='bbox 1881 299 1920 344; x_wconf 65' lang='grc' dir='ltr'><strong>ἲ·</strong></span> <span class='ocrx_word' id='word_1_27' title='bbox 1968 293 1981 322; x_wconf 72' lang='lat'>⁷</span> <span class='ocrx_word' id='word_1_28' title='bbox 1994 290 2058 336; x_wconf 56' lang='grc' dir='ltr'><strong>εἷ·</strong></span> 
     </span>
     <span class='ocr_line' id='line_1_4' title="bbox 87 351 2041 426; baseline 0 -14"><span class='ocrx_word' id='word_1_29' title='bbox 87 368 233 416; x_wconf 80' lang='lat' dir='ltr'><strong>vides,</strong></span> <span class='ocrx_word' id='word_1_30' title='bbox 265 361 372 426; x_wconf 77' lang='lat' dir='ltr'><strong>quod</strong></span> <span class='ocrx_word' id='word_1_31' title='bbox 390 364 513 408; x_wconf 81' lang='lat' dir='ltr'><strong>Deus</strong></span> <span class='ocrx_word' id='word_1_32' title='bbox 532 377 612 405; x_wconf 84' lang='lat' dir='ltr'><strong>non</strong></span> <span class='ocrx_word' id='word_1_33' title='bbox 628 360 784 420; x_wconf 82' lang='lat' dir='ltr'><strong>probet</strong></span> <span class='ocrx_word' id='word_1_34' title='bbox 803 361 944 407; x_wconf 79' lang='lat' dir='ltr'><strong>multa</strong></span> <span class='ocrx_word' id='word_1_35' title='bbox 960 361 1167 418; x_wconf 77' lang='lat' dir='ltr'><em>scientem</em></span> <span class='ocrx_word' id='word_1_36' title='bbox 1181 395 1193 415; x_wconf 85' lang='lat'><strong>,</strong></span> <span class='ocrx_word' id='word_1_37' title='bbox 1209 361 1246 420; x_wconf 82' lang='lat' dir='ltr'><strong>si</strong></span> <span class='ocrx_word' id='word_1_38' title='bbox 1266 363 1434 407; x_wconf 81' lang='lat' dir='ltr'><strong>modum</strong></span> <span class='ocrx_word' id='word_1_39' title='bbox 1451 363 1603 417; x_wconf 61' lang='lat' dir='ltr'><strong>[hieadi</strong></span> <span class='ocrx_word' id='word_1_40' title='bbox 1622 365 1814 421; x_wconf 79' lang='lat' dir='ltr'><strong>nescierit</strong></span> <span class='ocrx_word' id='word_1_41' title='bbox 1839 384 1850 411; x_wconf 89' lang='lat'><em>:</em></span> <span class='ocrx_word' id='word_1_42' title='bbox 1885 351 2041 384; x_wconf 64' lang='lat' dir='ltr'><strong><em>mmor’</em></strong></span> 
     </span>
     <span class='ocr_line' id='line_1_5' title="bbox 87 401 2042 488; baseline 0 -14"><span class='ocrx_word' id='word_1_43' title='bbox 87 430 209 474; x_wconf 83' lang='lat' dir='ltr'><strong>vides</strong></span> <span class='ocrx_word' id='word_1_44' title='bbox 229 462 243 478; x_wconf 86' lang='lat'><em>‚</em></span> <span class='ocrx_word' id='word_1_45' title='bbox 279 424 481 488; x_wconf 85' lang='lat' dir='ltr'><strong>quomodo</strong></span> <span class='ocrx_word' id='word_1_46' title='bbox 502 422 697 481; x_wconf 72' lang='lat' dir='ltr'><strong>frattam</strong></span> <span class='ocrx_word' id='word_1_47' title='bbox 716 425 772 471; x_wconf 67' lang='lat'><strong>&amp;⁰</strong></span> <span class='ocrx_word' id='word_1_48' title='bbox 791 425 1032 470; x_wconf 75' lang='lat' dir='ltr'><strong>utilitatem</strong></span> <span class='ocrx_word' id='word_1_49' title='bbox 1043 424 1228 481; x_wconf 67' lang='lat' dir='ltr'><strong>scientia,²</strong></span> <span class='ocrx_word' id='word_1_50' title='bbox 1251 427 1297 471; x_wconf 82' lang='lat' dir='ltr'><strong>in</strong></span> <span class='ocrx_word' id='word_1_51' title='bbox 1318 426 1438 470; x_wconf 84' lang='lat' dir='ltr'><strong>modo</strong></span> <span class='ocrx_word' id='word_1_52' title='bbox 1450 426 1609 484; x_wconf 81' lang='lat' dir='ltr'><strong>sciendi</strong></span> <span class='ocrx_word' id='word_1_53' title='bbox 1626 426 1853 482; x_wconf 73' lang='lat' dir='ltr'><strong>constituit.</strong></span> <span class='ocrx_word' id='word_1_54' title='bbox 1886 401 1925 445; x_wconf 67' lang='lat' dir='ltr'><strong>S·</strong></span> <span class='ocrx_word' id='word_1_55' title='bbox 1942 405 2042 449; x_wconf 63' lang='lat' dir='ltr'><em>Ber·</em></span> 
     </span>
     <span class='ocr_line' id='line_1_6' title="bbox 85 463 1971 554; baseline 0.001 -19"><span class='ocrx_word' id='word_1_56' title='bbox 85 491 200 549; x_wconf 77' lang='lat' dir='ltr'><strong>Qid</strong></span> <span class='ocrx_word' id='word_1_57' title='bbox 221 502 316 547; x_wconf 84' lang='lat' dir='ltr'><strong>ergo</strong></span> <span class='ocrx_word' id='word_1_58' title='bbox 336 489 466 538; x_wconf 84' lang='lat' dir='ltr'><strong>dicit,</strong></span> <span class='ocrx_word' id='word_1_59' title='bbox 495 486 570 545; x_wconf 79' lang='lat' dir='ltr'><strong>nisi</strong></span> <span class='ocrx_word' id='word_1_60' title='bbox 587 487 759 544; x_wconf 73' lang='lat' dir='ltr'><strong>atfitias</strong></span> <span class='ocrx_word' id='word_1_61' title='bbox 775 522 789 537; x_wconf 91' lang='lat'><strong>,</strong></span> <span class='ocrx_word' id='word_1_62' title='bbox 820 502 908 550; x_wconf 75' lang='lat' dir='ltr'><strong>quo</strong></span> <span class='ocrx_word' id='word_1_63' title='bbox 934 488 1087 533; x_wconf 83' lang='lat' dir='ltr'><strong>ordine</strong></span> <span class='ocrx_word' id='word_1_64' title='bbox 1112 523 1126 539; x_wconf 89' lang='lat'><strong>,</strong></span> <span class='ocrx_word' id='word_1_65' title='bbox 1156 504 1244 551; x_wconf 80' lang='lat' dir='ltr'><strong>quo</strong></span> <span class='ocrx_word' id='word_1_66' title='bbox 1260 486 1427 540; x_wconf 78' lang='lat' dir='ltr'><strong>studio,</strong></span> <span class='ocrx_word' id='word_1_67' title='bbox 1468 504 1549 550; x_wconf 74' lang='lat' dir='ltr'><strong>quo</strong></span> <span class='ocrx_word' id='word_1_68' title='bbox 1572 488 1660 547; x_wconf 82' lang='lat' dir='ltr'><strong>fine</strong></span> <span class='ocrx_word' id='word_1_69' title='bbox 1691 506 1858 554; x_wconf 65' lang='lat' dir='ltr'><strong>quaeque</strong></span> <span class='ocrx_word' id='word_1_70' title='bbox 1879 463 1971 524; x_wconf 59' lang='lat' dir='ltr'><strong>sup·</strong></span> 
     </span>
     <span class='ocr_line' id='line_1_7' title="bbox 85 528 2037 633; baseline 0.002 -36"><span class='ocrx_word' id='word_1_71' title='bbox 85 551 191 612; x_wconf 76' lang='lat' dir='ltr'><strong>noffi·</strong></span> <span class='ocrx_word' id='word_1_72' title='bbox 211 562 406 612; x_wconf 74' lang='lat' dir='ltr'><em>oporteat</em></span> <span class='ocrx_word' id='word_1_73' title='bbox 429 568 442 595; x_wconf 92' lang='lat'>:</span> <span class='ocrx_word' id='word_1_74' title='bbox 479 563 558 613; x_wconf 84' lang='lat' dir='ltr'><strong>quo</strong></span> <span class='ocrx_word' id='word_1_75' title='bbox 580 551 725 596; x_wconf 79' lang='lat' dir='ltr'><strong>ordine</strong></span> <span class='ocrx_word' id='word_1_76' title='bbox 746 551 766 596; x_wconf 70' lang='grc' dir='ltr'><strong>,ἓ</strong></span> <span class='ocrx_word' id='word_1_77' title='bbox 799 563 851 596; x_wconf 86' lang='lat' dir='ltr'><strong>ut</strong></span> <span class='ocrx_word' id='word_1_78' title='bbox 871 551 974 596; x_wconf 80' lang='lat' dir='ltr'><strong>illud</strong></span> <span class='ocrx_word' id='word_1_79' title='bbox 982 550 1135 610; x_wconf 57' lang='lat' dir='ltr'><strong>pribis,</strong></span> <span class='ocrx_word' id='word_1_80' title='bbox 1168 550 1283 614; x_wconf 70' lang='lat' dir='ltr'><strong>quod</strong></span> <span class='ocrx_word' id='word_1_81' title='bbox 1301 552 1523 598; x_wconf 70' lang='lat' dir='ltr'><strong>maturias</strong></span> <span class='ocrx_word' id='word_1_82' title='bbox 1549 566 1697 600; x_wconf 85' lang='lat' dir='ltr'><strong>movet</strong></span> <span class='ocrx_word' id='word_1_83' title='bbox 1720 555 1779 600; x_wconf 84' lang='lat' dir='ltr'><strong>-ad</strong></span> <span class='ocrx_word' id='word_1_84' title='bbox 1789 554 1861 612; x_wconf 87' lang='lat' dir='ltr'><strong>sa-</strong></span> <span class='ocrx_word' id='word_1_85' title='bbox 1891 528 2037 633; x_wconf 38' lang='lat' dir='ltr'><em>cante</em></span> 
     </span>
     <span class='ocr_line' id='line_1_8' title="bbox 84 588 2061 678; baseline 0.002 -16"><span class='ocrx_word' id='word_1_86' title='bbox 84 617 218 664; x_wconf 82' lang='lat' dir='ltr'><strong>lutem</strong></span> <span class='ocrx_word' id='word_1_87' title='bbox 239 633 252 658; x_wconf 91' lang='grc'><strong>.·</strong></span> <span class='ocrx_word' id='word_1_88' title='bbox 287 630 367 676; x_wconf 85' lang='lat' dir='ltr'><strong>quo</strong></span> <span class='ocrx_word' id='word_1_89' title='bbox 381 613 569 660; x_wconf 72' lang='lat' dir='ltr'><strong>Studio?</strong></span> <span class='ocrx_word' id='word_1_90' title='bbox 602 614 772 660; x_wconf 79' lang='lat' dir='ltr'><em>utillud</em></span> <span class='ocrx_word' id='word_1_91' title='bbox 792 613 1013 660; x_wconf 62' lang='lat' dir='ltr'><strong>ardentitis</strong></span> <span class='ocrx_word' id='word_1_92' title='bbox 1035 649 1052 666; x_wconf 67' lang='lat'>‚</span> <span class='ocrx_word' id='word_1_93' title='bbox 1091 616 1201 678; x_wconf 81' lang='lat' dir='ltr'><em>quod</em></span> <span class='ocrx_word' id='word_1_94' title='bbox 1245 615 1543 661; x_wconf 63' lang='lat' dir='ltr'><strong>vehementias</strong></span> <span class='ocrx_word' id='word_1_95' title='bbox 1560 618 1618 661; x_wconf 82' lang='lat' dir='ltr'><strong>ad</strong></span> <span class='ocrx_word' id='word_1_96' title='bbox 1644 633 1859 664; x_wconf 79' lang='lat' dir='ltr'><strong>amorem:</strong></span> <span class='ocrx_word' id='word_1_97' title='bbox 1875 588 1996 648; x_wconf 66' lang='lat' dir='ltr'><em>ser‘3</em></span> <span class='ocrx_word' id='word_1_98' title='bbox 2048 613 2061 630; x_wconf 74' lang='lat'><em>⁶</em></span> 
     </span>
     <span class='ocr_line' id='line_1_9' title="bbox 83 676 1862 742; baseline 0.002 -18"><span class='ocrx_word' id='word_1_99' title='bbox 83 694 166 742; x_wconf 83' lang='lat' dir='ltr'><strong>quo</strong></span> <span class='ocrx_word' id='word_1_100' title='bbox 176 676 264 735; x_wconf 84' lang='lat' dir='ltr'><strong>fine</strong></span> <span class='ocrx_word' id='word_1_101' title='bbox 291 678 312 724; x_wconf 65' lang='grc' dir='ltr'><strong>,ἒ</strong></span> <span class='ocrx_word' id='word_1_102' title='bbox 347 690 397 723; x_wconf 87' lang='lat' dir='ltr'><strong>ut</strong></span> <span class='ocrx_word' id='word_1_103' title='bbox 415 693 496 723; x_wconf 84' lang='lat' dir='ltr'><strong>non</strong></span> <span class='ocrx_word' id='word_1_104' title='bbox 516 677 571 722; x_wconf 88' lang='lat' dir='ltr'><strong>ad</strong></span> <span class='ocrx_word' id='word_1_105' title='bbox 596 679 764 722; x_wconf 76' lang='lat' dir='ltr'><strong>inanem</strong></span> <span class='ocrx_word' id='word_1_106' title='bbox 786 678 973 736; x_wconf 81' lang='lat' dir='ltr'><em>gloriam</em></span> <span class='ocrx_word' id='word_1_107' title='bbox 989 712 1006 728; x_wconf 58' lang='lat'>0</span> <span class='ocrx_word' id='word_1_108' title='bbox 1040 677 1332 737; x_wconf 77' lang='lat' dir='ltr'><em>curiositatem</em></span> <span class='ocrx_word' id='word_1_109' title='bbox 1356 713 1371 729; x_wconf 68' lang='lat'>2</span> <span class='ocrx_word' id='word_1_110' title='bbox 1402 690 1487 724; x_wconf 75' lang='lat' dir='ltr'><strong>aut</strong></span> <span class='ocrx_word' id='word_1_111' title='bbox 1517 679 1679 742; x_wconf 79' lang='lat' dir='ltr'><strong>aliquid</strong></span> <span class='ocrx_word' id='word_1_112' title='bbox 1695 680 1862 741; x_wconf 81' lang='lat' dir='ltr'><strong>simile,</strong></span> 
     </span>
     <span class='ocr_line' id='line_1_10' title="bbox 13 739 1211 801; baseline 0.001 -14"><span class='ocrx_word' id='word_1_113' title='bbox 13 743 17 746; x_wconf 53' lang='lat'><strong>⁴</strong></span> <span class='ocrx_word' id='word_1_114' title='bbox 75 742 148 801; x_wconf 71' lang='lat' dir='ltr'><strong>fied</strong></span> <span class='ocrx_word' id='word_1_115' title='bbox 170 740 341 788; x_wconf 58' lang='lat' dir='ltr'><strong>tantam</strong></span> <span class='ocrx_word' id='word_1_116' title='bbox 368 741 422 785; x_wconf 87' lang='lat' dir='ltr'><strong>ad</strong></span> <span class='ocrx_word' id='word_1_117' title='bbox 443 753 564 787; x_wconf 83' lang='lat' dir='ltr'><strong>tuam</strong></span> <span class='ocrx_word' id='word_1_118' title='bbox 585 741 643 787; x_wconf 62' lang='lat'><strong>&amp;⁸</strong></span> <span class='ocrx_word' id='word_1_119' title='bbox 668 740 855 787; x_wconf 68' lang='lat' dir='ltr'><strong>alborum</strong></span> <span class='ocrx_word' id='word_1_120' title='bbox 882 739 1211 798; x_wconf 78' lang='lat' dir='ltr'><strong>aedificationem.</strong></span> 
     </span>
     <span class='ocr_line' id='line_1_11' title="bbox 209 801 1868 871; baseline 0.001 -18"><span class='ocrx_word' id='word_1_121' title='bbox 209 802 406 854; x_wconf 86' lang='lat' dir='ltr'><strong>LEUC:</strong></span> <span class='ocrx_word' id='word_1_122' title='bbox 453 801 635 851; x_wconf 82' lang='lat' dir='ltr'><strong>Forsan</strong></span> <span class='ocrx_word' id='word_1_123' title='bbox 664 803 881 853; x_wconf 87' lang='lat' dir='ltr'><strong>Divinus</strong></span> <span class='ocrx_word' id='word_1_124' title='bbox 921 804 1068 852; x_wconf 88' lang='lat' dir='ltr'><strong>Plato</strong></span> <span class='ocrx_word' id='word_1_125' title='bbox 1107 803 1253 869; x_wconf 82' lang='lat' dir='ltr'><strong>supra</strong></span> <span class='ocrx_word' id='word_1_126' title='bbox 1284 803 1561 854; x_wconf 83' lang='lat' dir='ltr'><strong>hominem</strong></span> <span class='ocrx_word' id='word_1_127' title='bbox 1591 805 1777 871; x_wconf 83' lang='lat' dir='ltr'><strong>sapuit,</strong></span> <span class='ocrx_word' id='word_1_128' title='bbox 1814 809 1868 860; x_wconf 70' lang='lat' dir='ltr'><strong>&lt;Sc</strong></span> 
     </span>
     <span class='ocr_line' id='line_1_12' title="bbox 83 865 1865 977; baseline 0.001 -59"><span class='ocrx_word' id='word_1_129' title='bbox 83 867 351 918; x_wconf 87' lang='lat' dir='ltr'><strong>meliorem</strong></span> <span class='ocrx_word' id='word_1_130' title='bbox 373 865 436 914; x_wconf 91' lang='lat' dir='ltr'><strong>de</strong></span> <span class='ocrx_word' id='word_1_131' title='bbox 459 867 725 930; x_wconf 83' lang='lat' dir='ltr'><strong>Sapientia,</strong></span> <span class='ocrx_word' id='word_1_132' title='bbox 730 881 897 977; x_wconf 42' lang='lat' dir='ltr'><strong>guam</strong></span> <span class='ocrx_word' id='word_1_133' title='bbox 915 867 1110 917; x_wconf 72' lang='lat' dir='ltr'><strong>:felicius</strong></span> <span class='ocrx_word' id='word_1_134' title='bbox 1133 869 1326 917; x_wconf 89' lang='lat' dir='ltr'><strong>coleret</strong></span> <span class='ocrx_word' id='word_1_135' title='bbox 1341 902 1354 923; x_wconf 87' lang='lat'><strong>,</strong></span> <span class='ocrx_word' id='word_1_136' title='bbox 1385 868 1480 917; x_wconf 79' lang='lat' dir='ltr'><strong>fibi</strong></span> <span class='ocrx_word' id='word_1_137' title='bbox 1500 868 1640 917; x_wconf 85' lang='lat' dir='ltr'><strong>finxit</strong></span> <span class='ocrx_word' id='word_1_138' title='bbox 1659 872 1865 920; x_wconf 68' lang='lat' dir='ltr'><strong>Ideam3</strong></span> 
     </span>
     <span class='ocr_line' id='line_1_13' title="bbox 81 929 1867 994; baseline 0.002 -15"><span class='ocrx_word' id='word_1_139' title='bbox 81 932 246 982; x_wconf 89' lang='lat' dir='ltr'>MEL:</span> <span class='ocrx_word' id='word_1_140' title='bbox 283 929 410 978; x_wconf 86' lang='lat' dir='ltr'><strong>Idcae</strong></span> <span class='ocrx_word' id='word_1_141' title='bbox 437 930 708 978; x_wconf 80' lang='lat' dir='ltr'><strong>Platonicae</strong></span> <span class='ocrx_word' id='word_1_142' title='bbox 730 964 733 967; x_wconf 89' lang='lat'>-</span> <span class='ocrx_word' id='word_1_143' title='bbox 767 943 1038 994; x_wconf 80' lang='lat' dir='ltr'><strong>gmentum</strong></span> <span class='ocrx_word' id='word_1_144' title='bbox 1062 931 1199 986; x_wconf 88' lang='lat' dir='ltr'><strong>sunt,</strong></span> <span class='ocrx_word' id='word_1_145' title='bbox 1225 947 1335 980; x_wconf 92' lang='lat' dir='ltr'><strong>non</strong></span> <span class='ocrx_word' id='word_1_146' title='bbox 1367 933 1717 988; x_wconf 87' lang='lat' dir='ltr'><strong>Platonicum,</strong></span> <span class='ocrx_word' id='word_1_147' title='bbox 1737 934 1819 983; x_wconf 88' lang='lat' dir='ltr'><strong>sed</strong></span> <span class='ocrx_word' id='word_1_148' title='bbox 1837 933 1867 984; x_wconf 78' lang='grc' dir='ltr'>ὲ</span> 
     </span>
     <span class='ocr_line' id='line_1_14' title="bbox 83 992 1866 1062; baseline 0.001 -18"><span class='ocrx_word' id='word_1_149' title='bbox 83 995 353 1044; x_wconf 81' lang='lat' dir='ltr'><strong>Platonicis</strong></span> <span class='ocrx_word' id='word_1_150' title='bbox 376 993 576 1042; x_wconf 84' lang='lat' dir='ltr'><strong>Platoni</strong></span> <span class='ocrx_word' id='word_1_151' title='bbox 606 992 848 1042; x_wconf 58' lang='lat' dir='ltr'><strong>affictum.</strong></span> <span class='ocrx_word' id='word_1_152' title='bbox 913 995 1049 1058; x_wconf 81' lang='lat' dir='ltr'><strong>Qis</strong></span> <span class='ocrx_word' id='word_1_153' title='bbox 1077 997 1221 1044; x_wconf 87' lang='lat' dir='ltr'><strong>enim</strong></span> <span class='ocrx_word' id='word_1_154' title='bbox 1257 995 1321 1044; x_wconf 90' lang='lat' dir='ltr'><strong>de</strong></span> <span class='ocrx_word' id='word_1_155' title='bbox 1343 995 1520 1045; x_wconf 87' lang='lat' dir='ltr'><strong>divino</strong></span> <span class='ocrx_word' id='word_1_156' title='bbox 1549 995 1866 1062; x_wconf 89' lang='lat' dir='ltr'><strong>Philosopho</strong></span> 
     </span>
     <span class='ocr_line' id='line_1_15' title="bbox 82 1054 1866 1123; baseline 0.002 -17"><span class='ocrx_word' id='word_1_157' title='bbox 82 1070 191 1106; x_wconf 86' lang='lat' dir='ltr'><strong>tarn</strong></span> <span class='ocrx_word' id='word_1_158' title='bbox 224 1056 514 1105; x_wconf 81' lang='lat' dir='ltr'>humaniter</span> <span class='ocrx_word' id='word_1_159' title='bbox 533 1090 548 1111; x_wconf 90' lang='lat'><strong>,</strong></span> <span class='ocrx_word' id='word_1_160' title='bbox 582 1055 693 1105; x_wconf 81' lang='lat' dir='ltr'><strong>imo</strong></span> <span class='ocrx_word' id='word_1_161' title='bbox 723 1057 1067 1107; x_wconf 83' lang='lat' dir='ltr'><strong>inhumaniter</strong></span> <span class='ocrx_word' id='word_1_162' title='bbox 1087 1094 1101 1111; x_wconf 87' lang='grc'>,</span> <span class='ocrx_word' id='word_1_163' title='bbox 1133 1061 1191 1109; x_wconf 79' lang='lat'><strong>=&amp;</strong></span> <span class='ocrx_word' id='word_1_164' title='bbox 1223 1054 1390 1123; x_wconf 75' lang='lat' dir='ltr'><strong>inepte</strong></span> <span class='ocrx_word' id='word_1_165' title='bbox 1419 1060 1435 1108; x_wconf 70' lang='grc' dir='ltr'><em>ἒ</em></span> <span class='ocrx_word' id='word_1_166' title='bbox 1480 1058 1719 1109; x_wconf 75' lang='lat' dir='ltr'><strong>caeterum</strong></span> <span class='ocrx_word' id='word_1_167' title='bbox 1746 1091 1761 1115; x_wconf 88' lang='lat'><strong>,</strong></span> <span class='ocrx_word' id='word_1_168' title='bbox 1801 1075 1866 1109; x_wconf 89' lang='lat' dir='ltr'><strong>an</strong></span> 
     </span>
     <span class='ocr_line' id='line_1_16' title="bbox 85 1119 1866 1187; baseline 0.003 -19"><span class='ocrx_word' id='word_1_169' title='bbox 85 1125 299 1171; x_wconf 82' lang='lat' dir='ltr'><strong>Zenone</strong></span> <span class='ocrx_word' id='word_1_170' title='bbox 325 1119 529 1184; x_wconf 70' lang='lat' dir='ltr'><strong>propius</strong></span> <span class='ocrx_word' id='word_1_171' title='bbox 551 1122 765 1184; x_wconf 77' lang='lat' dir='ltr'><strong>tetigerit</strong></span> <span class='ocrx_word' id='word_1_172' title='bbox 785 1121 1056 1185; x_wconf 58' lang='lat' dir='ltr'><strong>punctum,</strong></span> <span class='ocrx_word' id='word_1_173' title='bbox 1084 1123 1274 1187; x_wconf 86' lang='lat' dir='ltr'><strong>patebit</strong></span> <span class='ocrx_word' id='word_1_174' title='bbox 1302 1121 1461 1172; x_wconf 85' lang='lat' dir='ltr'><strong>brevi.</strong></span> <span class='ocrx_word' id='word_1_175' title='bbox 1546 1124 1693 1173; x_wconf 87' lang='lat' dir='ltr'><strong>Plato</strong></span> <span class='ocrx_word' id='word_1_176' title='bbox 1725 1139 1866 1173; x_wconf 87' lang='lat' dir='ltr'><strong>anno</strong></span> 
     </span>
     <span class='ocr_line' id='line_1_17' title="bbox 83 1183 1867 1251; baseline 0.002 -19"><span class='ocrx_word' id='word_1_177' title='bbox 83 1183 266 1233; x_wconf 87' lang='lat' dir='ltr'><strong>mundi</strong></span> <span class='ocrx_word' id='word_1_178' title='bbox 288 1196 361 1231; x_wconf 90' lang='lat' dir='ltr'><strong>ter</strong></span> <span class='ocrx_word' id='word_1_179' title='bbox 384 1183 661 1231; x_wconf 77' lang='lat' dir='ltr'><strong>milleiirno&#39;</strong></span> <span class='ocrx_word' id='word_1_180' title='bbox 682 1183 1042 1233; x_wconf 83' lang='lat' dir='ltr'><strong>sexcentefimo</strong></span> <span class='ocrx_word' id='word_1_181' title='bbox 1063 1185 1312 1249; x_wconf 79' lang='lat' dir='ltr'><strong>vigesimo</strong></span> <span class='ocrx_word' id='word_1_182' title='bbox 1342 1188 1523 1249; x_wconf 90' lang='lat' dir='ltr'><strong>quinto</strong></span> <span class='ocrx_word' id='word_1_183' title='bbox 1554 1189 1773 1251; x_wconf 81' lang='lat' dir='ltr'>primam</span> <span class='ocrx_word' id='word_1_184' title='bbox 1800 1188 1867 1236; x_wconf 89' lang='lat' dir='ltr'><strong>le-</strong></span> 
     </span>
     <span class='ocr_line' id='line_1_18' title="bbox 84 1245 1868 1312; baseline 0.003 -18"><span class='ocrx_word' id='word_1_185' title='bbox 84 1249 216 1312; x_wconf 81' lang='lat' dir='ltr'>gitur</span> <span class='ocrx_word' id='word_1_186' title='bbox 241 1245 465 1311; x_wconf 83' lang='lat' dir='ltr'><strong>aspexiffe</strong></span> <span class='ocrx_word' id='word_1_187' title='bbox 483 1247 680 1295; x_wconf 88' lang='lat' dir='ltr'><strong>lucem:</strong></span> <span class='ocrx_word' id='word_1_188' title='bbox 731 1246 905 1295; x_wconf 85' lang='lat' dir='ltr'>infelix</span> <span class='ocrx_word' id='word_1_189' title='bbox 929 1280 944 1301; x_wconf 92' lang='lat'><strong>,</strong></span> <span class='ocrx_word' id='word_1_190' title='bbox 977 1249 1094 1310; x_wconf 88' lang='lat' dir='ltr'><strong>quia</strong></span> <span class='ocrx_word' id='word_1_191' title='bbox 1116 1260 1236 1296; x_wconf 83' lang='lat' dir='ltr'><strong>ante</strong></span> <span class='ocrx_word' id='word_1_192' title='bbox 1262 1249 1460 1298; x_wconf 84' lang='lat' dir='ltr'><strong>Lucem</strong></span> <span class='ocrx_word' id='word_1_193' title='bbox 1493 1249 1694 1297; x_wconf 89' lang='lat' dir='ltr'><strong>mundo</strong></span> <span class='ocrx_word' id='word_1_194' title='bbox 1725 1265 1868 1299; x_wconf 83' lang='lat' dir='ltr'><strong>exor-</strong></span> 
     </span>
     <span class='ocr_line' id='line_1_19' title="bbox 85 1308 1868 1373; baseline 0.002 -15"><span class='ocrx_word' id='word_1_195' title='bbox 85 1323 193 1358; x_wconf 84' lang='lat' dir='ltr'><strong>tam</strong></span> <span class='ocrx_word' id='word_1_196' title='bbox 212 1326 350 1358; x_wconf 89' lang='lat' dir='ltr'><strong>anno</strong></span> <span class='ocrx_word' id='word_1_197' title='bbox 377 1310 519 1373; x_wconf 86' lang='lat' dir='ltr'><strong>supra</strong></span> <span class='ocrx_word' id='word_1_198' title='bbox 545 1308 1100 1372; x_wconf 78' lang='lat' dir='ltr'><strong>quadringentesimum</strong></span> <span class='ocrx_word' id='word_1_199' title='bbox 1117 1310 1365 1373; x_wconf 76' lang='lat' dir='ltr'><strong>vigefimo</strong></span> <span class='ocrx_word' id='word_1_200' title='bbox 1400 1311 1614 1359; x_wconf 64' lang='lat' dir='ltr'><strong>octavo:</strong></span> <span class='ocrx_word' id='word_1_201' title='bbox 1659 1313 1775 1361; x_wconf 87' lang='lat' dir='ltr'><strong>felix</strong></span> <span class='ocrx_word' id='word_1_202' title='bbox 1799 1326 1868 1362; x_wconf 88' lang='lat' dir='ltr'><strong>ta-</strong></span> 
     </span>
     <span class='ocr_line' id='line_1_20' title="bbox 84 1371 1867 1437; baseline 0.002 -16"><span class='ocrx_word' id='word_1_203' title='bbox 84 1389 209 1424; x_wconf 87' lang='lat' dir='ltr'><strong>men</strong></span> <span class='ocrx_word' id='word_1_204' title='bbox 229 1388 324 1437; x_wconf 91' lang='lat' dir='ltr'><strong>pro</strong></span> <span class='ocrx_word' id='word_1_205' title='bbox 346 1372 474 1420; x_wconf 86' lang='lat' dir='ltr'><strong>illius</strong></span> <span class='ocrx_word' id='word_1_206' title='bbox 499 1373 747 1434; x_wconf 86' lang='lat' dir='ltr'><strong>temporis</strong></span> <span class='ocrx_word' id='word_1_207' title='bbox 773 1371 1091 1425; x_wconf 88' lang='lat' dir='ltr'><strong>conditione,</strong></span> <span class='ocrx_word' id='word_1_208' title='bbox 1110 1375 1231 1434; x_wconf 85' lang='lat' dir='ltr'><strong>quia</strong></span> <span class='ocrx_word' id='word_1_209' title='bbox 1259 1373 1439 1435; x_wconf 77' lang='lat' dir='ltr'><strong>aspexit</strong></span> <span class='ocrx_word' id='word_1_210' title='bbox 1459 1375 1627 1422; x_wconf 88' lang='lat' dir='ltr'><strong>lucem</strong></span> <span class='ocrx_word' id='word_1_211' title='bbox 1648 1375 1867 1425; x_wconf 87' lang='lat' dir='ltr'><strong>Athenis</strong></span> 
     </span>
     <span class='ocr_line' id='line_1_21' title="bbox 85 1431 1868 1499; baseline 0.001 -14"><span class='ocrx_word' id='word_1_212' title='bbox 85 1437 212 1486; x_wconf 86' lang='lat' dir='ltr'><strong>urbe</strong></span> <span class='ocrx_word' id='word_1_213' title='bbox 240 1435 275 1484; x_wconf 88' lang='lat' dir='ltr'>fi</span> <span class='ocrx_word' id='word_1_214' title='bbox 311 1451 421 1483; x_wconf 90' lang='lat' dir='ltr'><strong>non</strong></span> <span class='ocrx_word' id='word_1_215' title='bbox 454 1434 594 1483; x_wconf 89' lang='lat' dir='ltr'><strong>orbis</strong></span> <span class='ocrx_word' id='word_1_216' title='bbox 615 1431 872 1487; x_wconf 67' lang='lat' dir='ltr'><strong>Domina,</strong></span> <span class='ocrx_word' id='word_1_217' title='bbox 900 1434 1072 1482; x_wconf 87' lang='lat' dir='ltr'><strong>saltem</strong></span> <span class='ocrx_word' id='word_1_218' title='bbox 1099 1432 1354 1499; x_wconf 71' lang='lat' dir='ltr'><strong>Magistra.</strong></span> <span class='ocrx_word' id='word_1_219' title='bbox 1451 1439 1590 1486; x_wconf 86' lang='lat' dir='ltr'><strong>Non</strong></span> <span class='ocrx_word' id='word_1_220' title='bbox 1606 1437 1794 1487; x_wconf 80' lang='lat' dir='ltr'><strong>decido</strong></span> <span class='ocrx_word' id='word_1_221' title='bbox 1815 1441 1868 1487; x_wconf 88' lang='lat' dir='ltr'><strong>li-</strong></span> 
     </span>
     <span class='ocr_line' id='line_1_22' title="bbox 85 1498 1869 1562; baseline 0.002 -14"><span class='ocrx_word' id='word_1_222' title='bbox 85 1512 220 1553; x_wconf 89' lang='lat' dir='ltr'><strong>tem,</strong></span> <span class='ocrx_word' id='word_1_223' title='bbox 253 1515 316 1547; x_wconf 89' lang='lat' dir='ltr'><strong>an</strong></span> <span class='ocrx_word' id='word_1_224' title='bbox 347 1499 415 1546; x_wconf 89' lang='lat' dir='ltr'><strong>illi</strong></span> <span class='ocrx_word' id='word_1_225' title='bbox 436 1499 546 1562; x_wconf 85' lang='lat' dir='ltr'><strong>plus</strong></span> <span class='ocrx_word' id='word_1_226' title='bbox 581 1498 770 1547; x_wconf 81' lang='lat' dir='ltr'><strong>Gloriae</strong></span> <span class='ocrx_word' id='word_1_227' title='bbox 789 1498 955 1545; x_wconf 85' lang='lat' dir='ltr'><strong>natale</strong></span> <span class='ocrx_word' id='word_1_228' title='bbox 977 1498 1253 1552; x_wconf 87' lang='lat' dir='ltr'><strong>solum,.an</strong></span> <span class='ocrx_word' id='word_1_229' title='bbox 1279 1499 1361 1547; x_wconf 88' lang='lat' dir='ltr'><strong>ille</strong></span> <span class='ocrx_word' id='word_1_230' title='bbox 1390 1499 1586 1548; x_wconf 81' lang='lat' dir='ltr'><strong>dederit</strong></span> <span class='ocrx_word' id='word_1_231' title='bbox 1611 1501 1764 1550; x_wconf 89' lang='lat' dir='ltr'><strong>natali</strong></span> <span class='ocrx_word' id='word_1_232' title='bbox 1793 1502 1869 1551; x_wconf 91' lang='lat' dir='ltr'><strong>so-</strong></span> 
     </span>
     <span class='ocr_line' id='line_1_23' title="bbox 87 1557 1870 1628; baseline 0.002 -17"><span class='ocrx_word' id='word_1_233' title='bbox 87 1564 169 1611; x_wconf 92' lang='lat' dir='ltr'><strong>lo:</strong></span> <span class='ocrx_word' id='word_1_234' title='bbox 205 1565 332 1610; x_wconf 88' lang='lat' dir='ltr'><strong>inter</strong></span> <span class='ocrx_word' id='word_1_235' title='bbox 358 1561 704 1610; x_wconf 75' lang='lat' dir='ltr'><strong>Academicos</strong></span> <span class='ocrx_word' id='word_1_236' title='bbox 726 1561 830 1609; x_wconf 93' lang='lat' dir='ltr'><strong>hoc</strong></span> <span class='ocrx_word' id='word_1_237' title='bbox 859 1557 970 1609; x_wconf 86' lang='lat' dir='ltr'><strong>esto</strong></span> <span class='ocrx_word' id='word_1_238' title='bbox 991 1561 1275 1626; x_wconf 77' lang='lat' dir='ltr'><strong>problema.</strong></span> <span class='ocrx_word' id='word_1_239' title='bbox 1343 1563 1478 1612; x_wconf 86' lang='lat' dir='ltr'><strong>Illius</strong></span> <span class='ocrx_word' id='word_1_240' title='bbox 1507 1577 1769 1628; x_wconf 89' lang='lat' dir='ltr'><strong>parentem</strong></span> <span class='ocrx_word' id='word_1_241' title='bbox 1796 1565 1870 1614; x_wconf 89' lang='lat' dir='ltr'><strong>hi-</strong></span> 
     </span>
     <span class='ocr_line' id='line_1_24' title="bbox 87 1621 1869 1680; baseline 0.002 -6"><span class='ocrx_word' id='word_1_242' title='bbox 87 1623 249 1674; x_wconf 87' lang='lat' dir='ltr'><strong>storiae</strong></span> <span class='ocrx_word' id='word_1_243' title='bbox 273 1621 571 1674; x_wconf 85' lang='lat' dir='ltr'><strong>Aristonem</strong></span> <span class='ocrx_word' id='word_1_244' title='bbox 590 1626 893 1679; x_wconf 86' lang='lat' dir='ltr'><strong>nominant,</strong></span> <span class='ocrx_word' id='word_1_245' title='bbox 930 1623 1131 1673; x_wconf 86' lang='lat' dir='ltr'><strong>fortaffe</strong></span> <span class='ocrx_word' id='word_1_246' title='bbox 1157 1622 1279 1675; x_wconf 82' lang='lat' dir='ltr'><strong>ideo</strong></span> <span class='ocrx_word' id='word_1_247' title='bbox 1294 1659 1307 1680; x_wconf 87' lang='lat'><strong>,</strong></span> <span class='ocrx_word' id='word_1_248' title='bbox 1329 1642 1395 1675; x_wconf 91' lang='lat' dir='ltr'><strong>ne</strong></span> <span class='ocrx_word' id='word_1_249' title='bbox 1425 1626 1698 1676; x_wconf 88' lang='lat' dir='ltr'><strong>hominem</strong></span> <span class='ocrx_word' id='word_1_250' title='bbox 1721 1630 1869 1679; x_wconf 86' lang='lat' dir='ltr'><strong>coelo</strong></span> 
     </span>
     <span class='ocr_line' id='line_1_25' title="bbox 87 1682 1899 1753; baseline 0.002 -15"><span class='ocrx_word' id='word_1_251' title='bbox 87 1687 346 1753; x_wconf 87' lang='lat' dir='ltr'><strong>delapsum</strong></span> <span class='ocrx_word' id='word_1_252' title='bbox 367 1686 494 1737; x_wconf 81' lang='lat' dir='ltr'><strong>falso</strong></span> <span class='ocrx_word' id='word_1_253' title='bbox 524 1687 610 1736; x_wconf 86' lang='lat' dir='ltr'><strong>fibi</strong></span> <span class='ocrx_word' id='word_1_254' title='bbox 634 1686 905 1752; x_wconf 85' lang='lat' dir='ltr'><strong>posteritas.</strong></span> <span class='ocrx_word' id='word_1_255' title='bbox 971 1685 1128 1738; x_wconf 76' lang='lat' dir='ltr'><strong>Certe</strong></span> <span class='ocrx_word' id='word_1_256' title='bbox 1154 1691 1237 1737; x_wconf 86' lang='lat' dir='ltr'><strong>vix</strong></span> <span class='ocrx_word' id='word_1_257' title='bbox 1264 1702 1389 1739; x_wconf 88' lang='lat' dir='ltr'><strong>nato</strong></span> <span class='ocrx_word' id='word_1_258' title='bbox 1409 1690 1630 1739; x_wconf 78' lang='lat' dir='ltr'><strong>imbrem</strong></span> <span class='ocrx_word' id='word_1_259' title='bbox 1657 1682 1899 1749; x_wconf 55' lang='lat' dir='ltr'><strong>aureum&#39;*</strong></span> 
     </span>
     <span class='ocr_line' id='line_1_26' title="bbox 90 1747 1869 1818; baseline 0.002 -17"><span class='ocrx_word' id='word_1_260' title='bbox 90 1768 150 1801; x_wconf 84' lang='lat' dir='ltr'><strong>ex</strong></span> <span class='ocrx_word' id='word_1_261' title='bbox 174 1750 306 1801; x_wconf 86' lang='lat' dir='ltr'><strong>astris</strong></span> <span class='ocrx_word' id='word_1_262' title='bbox 330 1751 586 1816; x_wconf 86' lang='lat' dir='ltr'><strong>delapsum</strong></span> <span class='ocrx_word' id='word_1_263' title='bbox 602 1751 788 1805; x_wconf 85' lang='lat' dir='ltr'><strong>ferunt,</strong></span> <span class='ocrx_word' id='word_1_264' title='bbox 810 1747 1028 1816; x_wconf 78' lang='lat' dir='ltr'><strong>ape‘sque</strong></span> <span class='ocrx_word' id='word_1_265' title='bbox 1050 1754 1278 1801; x_wconf 80' lang='lat' dir='ltr'><strong>certatim</strong></span> <span class='ocrx_word' id='word_1_266' title='bbox 1299 1769 1425 1802; x_wconf 83' lang='lat' dir='ltr'><strong>mox</strong></span> <span class='ocrx_word' id='word_1_267' title='bbox 1444 1750 1713 1808; x_wconf 70' lang='lat' dir='ltr'><strong>advolasse,</strong></span> <span class='ocrx_word' id='word_1_268' title='bbox 1739 1770 1869 1818; x_wconf 85' lang='lat' dir='ltr'><strong>quae,</strong></span> 
     </span>
     <span class='ocr_line' id='line_1_27' title="bbox 90 1815 1870 1881; baseline 0.001 -16"><span class='ocrx_word' id='word_1_269' title='bbox 90 1816 243 1865; x_wconf 90' lang='lat' dir='ltr'><strong>melle</strong></span> <span class='ocrx_word' id='word_1_270' title='bbox 269 1817 319 1863; x_wconf 90' lang='lat' dir='ltr'><strong>in</strong></span> <span class='ocrx_word' id='word_1_271' title='bbox 339 1816 533 1880; x_wconf 78' lang='lat' dir='ltr'><strong>pueruli</strong></span> <span class='ocrx_word' id='word_1_272' title='bbox 552 1815 688 1864; x_wconf 85' lang='lat' dir='ltr'><strong>labra</strong></span> <span class='ocrx_word' id='word_1_273' title='bbox 716 1815 965 1879; x_wconf 75' lang='lat' dir='ltr'><strong>deposito,</strong></span> <span class='ocrx_word' id='word_1_274' title='bbox 991 1816 1167 1864; x_wconf 81' lang='lat' dir='ltr'><strong>futurae</strong></span> <span class='ocrx_word' id='word_1_275' title='bbox 1189 1817 1521 1881; x_wconf 87' lang='lat' dir='ltr'><strong>praeluderent</strong></span> <span class='ocrx_word' id='word_1_276' title='bbox 1541 1818 1870 1880; x_wconf 61' lang='lat' dir='ltr'><strong>eloquentiae:</strong></span> 
     </span>
     <span class='ocr_line' id='line_1_28' title="bbox 93 1877 1871 1946; baseline -0.001 -16"><span class='ocrx_word' id='word_1_277' title='bbox 93 1883 145 1930; x_wconf 74' lang='grc' dir='ltr'><strong>ὅ(</strong></span> <span class='ocrx_word' id='word_1_278' title='bbox 171 1881 306 1928; x_wconf 86' lang='lat' dir='ltr'><strong>enim</strong></span> <span class='ocrx_word' id='word_1_279' title='bbox 325 1877 450 1928; x_wconf 81' lang='lat' dir='ltr'><strong>vero</strong></span> <span class='ocrx_word' id='word_1_280' title='bbox 474 1878 579 1927; x_wconf 82' lang='lat' dir='ltr'><strong>haec</strong></span> <span class='ocrx_word' id='word_1_281' title='bbox 599 1891 739 1928; x_wconf 88' lang='lat' dir='ltr'><strong>tanta</strong></span> <span class='ocrx_word' id='word_1_282' title='bbox 756 1880 879 1933; x_wconf 78' lang='lat' dir='ltr'><strong>fuit,</strong></span> <span class='ocrx_word' id='word_1_283' title='bbox 901 1892 958 1928; x_wconf 89' lang='lat' dir='ltr'><strong>ut</strong></span> <span class='ocrx_word' id='word_1_284' title='bbox 976 1878 1135 1943; x_wconf 77' lang='lat' dir='ltr'><strong>vulgo</strong></span> <span class='ocrx_word' id='word_1_285' title='bbox 1160 1879 1368 1928; x_wconf 88' lang='lat' dir='ltr'><strong>haberet</strong></span> <span class='ocrx_word' id='word_1_286' title='bbox 1390 1881 1746 1946; x_wconf 86' lang='lat' dir='ltr'><strong>proverbium:</strong></span> <span class='ocrx_word' id='word_1_287' title='bbox 1781 1883 1871 1940; x_wconf 63' lang='lat' dir='ltr'><strong>Jo-</strong></span> 
     </span>
     <span class='ocr_line' id='line_1_29' title="bbox 93 1942 1869 2006; baseline 0.001 -17"><span class='ocrx_word' id='word_1_288' title='bbox 93 1959 195 1989; x_wconf 82' lang='lat' dir='ltr'><strong>vem</strong></span> <span class='ocrx_word' id='word_1_289' title='bbox 203 1942 239 2001; x_wconf 81' lang='lat' dir='ltr'><strong>si</strong></span> <span class='ocrx_word' id='word_1_290' title='bbox 256 1943 388 1989; x_wconf 62' lang='lat' dir='ltr'><strong>attic&amp;</strong></span> <span class='ocrx_word' id='word_1_291' title='bbox 410 1943 526 2005; x_wconf 71' lang='lat' dir='ltr'><strong>loqui</strong></span> <span class='ocrx_word' id='word_1_292' title='bbox 546 1945 701 1994; x_wconf 79' lang='lat' dir='ltr'><strong>vellet,</strong></span> <span class='ocrx_word' id='word_1_293' title='bbox 727 1959 812 1989; x_wconf 80' lang='lat' dir='ltr'><strong>non</strong></span> <span class='ocrx_word' id='word_1_294' title='bbox 836 1945 921 1989; x_wconf 85' lang='lat' dir='ltr'><strong>alio</strong></span> <span class='ocrx_word' id='word_1_295' title='bbox 945 1942 1071 2006; x_wconf 69' lang='lat' dir='ltr'><strong>quam</strong></span> <span class='ocrx_word' id='word_1_296' title='bbox 1094 1944 1288 1990; x_wconf 75' lang='lat' dir='ltr'><strong>Platonv‘s</strong></span> <span class='ocrx_word' id='word_1_297' title='bbox 1312 1961 1386 1991; x_wconf 83' lang='lat' dir='ltr'><strong>ore</strong></span> <span class='ocrx_word' id='word_1_298' title='bbox 1418 1945 1675 1991; x_wconf 79' lang='lat' dir='ltr'><strong>locuturum.</strong></span> <span class='ocrx_word' id='word_1_299' title='bbox 1767 1947 1869 1995; x_wconf 81' lang='lat' dir='ltr'><strong>Pri-</strong></span> 
     </span>
     <span class='ocr_line' id='line_1_30' title="bbox 93 2005 1869 2070; baseline 0.002 -15"><span class='ocrx_word' id='word_1_300' title='bbox 93 2022 237 2055; x_wconf 85' lang='lat' dir='ltr'><strong>mam</strong></span> <span class='ocrx_word' id='word_1_301' title='bbox 269 2018 466 2054; x_wconf 86' lang='lat' dir='ltr'><strong>aetatem</strong></span> <span class='ocrx_word' id='word_1_302' title='bbox 486 2008 650 2059; x_wconf 81' lang='lat' dir='ltr'><strong>trivit,</strong></span> <span class='ocrx_word' id='word_1_303' title='bbox 671 2005 886 2055; x_wconf 87' lang='lat' dir='ltr'><strong>terendo</strong></span> <span class='ocrx_word' id='word_1_304' title='bbox 921 2007 1148 2060; x_wconf 86' lang='lat' dir='ltr'><strong>colores,</strong></span> <span class='ocrx_word' id='word_1_305' title='bbox 1184 2006 1430 2054; x_wconf 64' lang='lat' dir='ltr'><strong>Pibtoribus</strong></span> <span class='ocrx_word' id='word_1_306' title='bbox 1459 2021 1588 2070; x_wconf 74' lang='lat' dir='ltr'><strong>atque</strong></span> <span class='ocrx_word' id='word_1_307' title='bbox 1615 2011 1762 2055; x_wconf 56' lang='lat' dir='ltr'><strong>Poetis</strong></span> <span class='ocrx_word' id='word_1_308' title='bbox 1799 2009 1869 2058; x_wconf 84' lang='lat' dir='ltr'><strong>fa-</strong></span> 
     </span>
     <span class='ocr_line' id='line_1_31' title="bbox 94 2067 1869 2130; baseline 0.002 -13"><span class='ocrx_word' id='word_1_309' title='bbox 94 2070 324 2122; x_wconf 85' lang='lat' dir='ltr'><strong>miliaris,</strong></span> <span class='ocrx_word' id='word_1_310' title='bbox 347 2081 402 2116; x_wconf 90' lang='lat' dir='ltr'><strong>ut</strong></span> <span class='ocrx_word' id='word_1_311' title='bbox 427 2069 607 2130; x_wconf 83' lang='lat' dir='ltr'><strong>quibus</strong></span> <span class='ocrx_word' id='word_1_312' title='bbox 629 2071 834 2119; x_wconf 88' lang='lat' dir='ltr'><strong>licerent</strong></span> <span class='ocrx_word' id='word_1_313' title='bbox 857 2072 1059 2123; x_wconf 86' lang='lat' dir='ltr'><strong>omnia,</strong></span> <span class='ocrx_word' id='word_1_314' title='bbox 1082 2071 1252 2119; x_wconf 90' lang='lat' dir='ltr'><strong>liceret</strong></span> <span class='ocrx_word' id='word_1_315' title='bbox 1282 2072 1434 2120; x_wconf 89' lang='lat' dir='ltr'><strong>etiam</strong></span> <span class='ocrx_word' id='word_1_316' title='bbox 1465 2067 1636 2128; x_wconf 77' lang='lat' dir='ltr'><strong>facile,</strong></span> <span class='ocrx_word' id='word_1_317' title='bbox 1657 2072 1721 2121; x_wconf 89' lang='lat' dir='ltr'><strong>ad</strong></span> <span class='ocrx_word' id='word_1_318' title='bbox 1749 2072 1869 2121; x_wconf 90' lang='lat' dir='ltr'><strong>libe-</strong></span> 
     </span>
     <span class='ocr_line' id='line_1_32' title="bbox 73 2133 1870 2187; baseline 0.002 -6"><span class='ocrx_word' id='word_1_319' title='bbox 73 2133 277 2182; x_wconf 49' lang='lat' dir='ltr'><strong>*talium</strong></span> <span class='ocrx_word' id='word_1_320' title='bbox 297 2133 483 2180; x_wconf 86' lang='lat' dir='ltr'><strong>artium</strong></span> <span class='ocrx_word' id='word_1_321' title='bbox 512 2133 762 2187; x_wconf 87' lang='lat' dir='ltr'><strong>lauream,</strong></span> <span class='ocrx_word' id='word_1_322' title='bbox 786 2135 956 2182; x_wconf 86' lang='lat' dir='ltr'><strong>amico</strong></span> <span class='ocrx_word' id='word_1_323' title='bbox 981 2134 1097 2182; x_wconf 90' lang='lat' dir='ltr'><strong>dare</strong></span> <span class='ocrx_word' id='word_1_324' title='bbox 1128 2134 1400 2183; x_wconf 86' lang='lat' dir='ltr'><strong>licentiam.</strong></span> <span class='ocrx_word' id='word_1_325' title='bbox 1470 2135 1569 2184; x_wconf 87' lang='lat' dir='ltr'><strong>Sed</strong></span> <span class='ocrx_word' id='word_1_326' title='bbox 1597 2135 1660 2183; x_wconf 88' lang='lat' dir='ltr'><strong>ad</strong></span> <span class='ocrx_word' id='word_1_327' title='bbox 1689 2135 1870 2185; x_wconf 87' lang='lat' dir='ltr'><strong>altiora</strong></span> 
     </span>
     <span class='ocr_line' id='line_1_33' title="bbox 95 2196 1869 2262; baseline 0.001 -17"><span class='ocrx_word' id='word_1_328' title='bbox 95 2196 235 2245; x_wconf 80' lang='lat' dir='ltr'><strong>illam</strong></span> <span class='ocrx_word' id='word_1_329' title='bbox 265 2207 537 2245; x_wconf 83' lang='lat' dir='ltr'><strong>vocaverat</strong></span> <span class='ocrx_word' id='word_1_330' title='bbox 557 2196 877 2262; x_wconf 84' lang='lat' dir='ltr'><strong>Philosophia</strong></span> <span class='ocrx_word' id='word_1_331' title='bbox 892 2230 905 2251; x_wconf 93' lang='lat'><strong>,</strong></span> <span class='ocrx_word' id='word_1_332' title='bbox 929 2212 1086 2260; x_wconf 87' lang='lat' dir='ltr'><strong>quam</strong></span> <span class='ocrx_word' id='word_1_333' title='bbox 1109 2197 1194 2246; x_wconf 86' lang='lat' dir='ltr'><strong>ubi</strong></span> <span class='ocrx_word' id='word_1_334' title='bbox 1218 2199 1297 2247; x_wconf 85' lang='lat' dir='ltr'><strong>vix</strong></span> <span class='ocrx_word' id='word_1_335' title='bbox 1319 2196 1461 2247; x_wconf 73' lang='lat' dir='ltr'><strong>noss&#39;e</strong></span> <span class='ocrx_word' id='word_1_336' title='bbox 1483 2200 1629 2262; x_wconf 89' lang='lat' dir='ltr'><strong>cepit,</strong></span> <span class='ocrx_word' id='word_1_337' title='bbox 1647 2197 1869 2248; x_wconf 66' lang='lat' dir='ltr'><strong>efflictim</strong></span> 
     </span>
     <span class='ocr_line' id='line_1_34' title="bbox 97 2257 1866 2324; baseline 0.002 -17"><span class='ocrx_word' id='word_1_338' title='bbox 97 2257 332 2324; x_wconf 80' lang='lat' dir='ltr'><strong>deperiit:</strong></span> <span class='ocrx_word' id='word_1_339' title='bbox 380 2258 523 2314; x_wconf 77' lang='lat' dir='ltr'><strong>hujus</strong></span> <span class='ocrx_word' id='word_1_340' title='bbox 546 2275 722 2307; x_wconf 88' lang='lat' dir='ltr'><strong>amore</strong></span> <span class='ocrx_word' id='word_1_341' title='bbox 749 2260 1003 2309; x_wconf 77' lang='lat' dir='ltr'><strong>adhaerens</strong></span> <span class='ocrx_word' id='word_1_342' title='bbox 1022 2262 1243 2314; x_wconf 87' lang='lat' dir='ltr'><strong>Socrati,</strong></span> <span class='ocrx_word' id='word_1_343' title='bbox 1262 2278 1387 2309; x_wconf 86' lang='lat' dir='ltr'><strong>mox</strong></span> <span class='ocrx_word' id='word_1_344' title='bbox 1407 2263 1627 2313; x_wconf 81' lang='lat' dir='ltr'><strong>Cratilo,</strong></span> <span class='ocrx_word' id='word_1_345' title='bbox 1653 2262 1866 2311; x_wconf 85' lang='lat' dir='ltr'><strong>demum</strong></span> 
     </span>
     <span class='ocr_line' id='line_1_35' title="bbox 94 2323 1871 2390; baseline 0.001 -18"><span class='ocrx_word' id='word_1_346' title='bbox 94 2323 471 2385; x_wconf 79' lang='lat' dir='ltr'><strong>Therinogeni,</strong></span> <span class='ocrx_word' id='word_1_347' title='bbox 498 2323 830 2372; x_wconf 80' lang='lat' dir='ltr'><strong>celeberrimis</strong></span> <span class='ocrx_word' id='word_1_348' title='bbox 852 2326 943 2373; x_wconf 82' lang='lat' dir='ltr'><strong>aevi</strong></span> <span class='ocrx_word' id='word_1_349' title='bbox 974 2325 1042 2372; x_wconf 88' lang='lat' dir='ltr'><strong>sui</strong></span> <span class='ocrx_word' id='word_1_350' title='bbox 1072 2324 1414 2390; x_wconf 82' lang='lat' dir='ltr'><strong>Philosophis,</strong></span> <span class='ocrx_word' id='word_1_351' title='bbox 1451 2324 1571 2374; x_wconf 76' lang='lat' dir='ltr'><strong>cum</strong></span> <span class='ocrx_word' id='word_1_352' title='bbox 1597 2325 1779 2374; x_wconf 89' lang='lat' dir='ltr'><strong>sciendi</strong></span> <span class='ocrx_word' id='word_1_353' title='bbox 1813 2324 1871 2373; x_wconf 75' lang='lat' dir='ltr'><strong>fi-</strong></span> 
     </span>
     <span class='ocr_line' id='line_1_36' title="bbox 96 2385 1868 2452; baseline 0.002 -20"><span class='ocrx_word' id='word_1_354' title='bbox 96 2388 191 2433; x_wconf 89' lang='lat' dir='ltr'><strong>tim</strong></span> <span class='ocrx_word' id='word_1_355' title='bbox 213 2385 546 2434; x_wconf 82' lang='lat' dir='ltr'><strong>accenderent</strong></span> <span class='ocrx_word' id='word_1_356' title='bbox 566 2386 732 2450; x_wconf 76' lang='lat' dir='ltr'><strong>potius</strong></span> <span class='ocrx_word' id='word_1_357' title='bbox 746 2420 760 2441; x_wconf 89' lang='lat'><strong>,</strong></span> <span class='ocrx_word' id='word_1_358' title='bbox 782 2387 938 2450; x_wconf 73' lang='lat' dir='ltr'><strong>quam</strong></span> <span class='ocrx_word' id='word_1_359' title='bbox 956 2388 1196 2443; x_wconf 80' lang='lat' dir='ltr'><strong>levarent,</strong></span> <span class='ocrx_word' id='word_1_360' title='bbox 1210 2389 1411 2437; x_wconf 61' lang='lat' dir='ltr'><strong>Doctos</strong></span> <span class='ocrx_word' id='word_1_361' title='bbox 1433 2390 1620 2450; x_wconf 86' lang='lat' dir='ltr'><strong>ubique</strong></span> <span class='ocrx_word' id='word_1_362' title='bbox 1639 2390 1868 2452; x_wconf 82' lang='lat' dir='ltr'><strong>gentium</strong></span> 
     </span>
     <span class='ocr_line' id='line_1_37' title="bbox 98 2446 1867 2515; baseline 0.001 -17"><span class='ocrx_word' id='word_1_363' title='bbox 98 2446 392 2514; x_wconf 81' lang='lat' dir='ltr'><strong>investigare</strong></span> <span class='ocrx_word' id='word_1_364' title='bbox 425 2446 618 2505; x_wconf 87' lang='lat' dir='ltr'><strong>statuit,</strong></span> <span class='ocrx_word' id='word_1_365' title='bbox 641 2450 905 2515; x_wconf 77' lang='lat' dir='ltr'><strong>proposito</strong></span> <span class='ocrx_word' id='word_1_366' title='bbox 935 2464 1039 2500; x_wconf 88' lang='lat' dir='ltr'><strong>tam</strong></span> <span class='ocrx_word' id='word_1_367' title='bbox 1067 2452 1270 2507; x_wconf 84' lang='lat' dir='ltr'><strong>audaci,</strong></span> <span class='ocrx_word' id='word_1_368' title='bbox 1294 2451 1450 2515; x_wconf 75' lang='lat' dir='ltr'><strong>quam</strong></span> <span class='ocrx_word' id='word_1_369' title='bbox 1480 2453 1693 2502; x_wconf 87' lang='lat' dir='ltr'><strong>efficaci:</strong></span> <span class='ocrx_word' id='word_1_370' title='bbox 1743 2466 1867 2500; x_wconf 86' lang='lat' dir='ltr'><strong>nam</strong></span> 
     </span>
     <span class='ocr_line' id='line_1_38' title="bbox 101 2512 1866 2581; baseline 0.001 -21"><span class='ocrx_word' id='word_1_371' title='bbox 101 2513 320 2576; x_wconf 84' lang='lat' dir='ltr'><strong>Megarae</strong></span> <span class='ocrx_word' id='word_1_372' title='bbox 343 2514 396 2562; x_wconf 87' lang='lat' dir='ltr'><strong>in</strong></span> <span class='ocrx_word' id='word_1_373' title='bbox 427 2512 623 2563; x_wconf 84' lang='lat' dir='ltr'><strong>Achaia</strong></span> <span class='ocrx_word' id='word_1_374' title='bbox 649 2514 936 2569; x_wconf 88' lang='lat' dir='ltr'><strong>Euclidem,</strong></span> <span class='ocrx_word' id='word_1_375' title='bbox 967 2516 1191 2579; x_wconf 80' lang='lat' dir='ltr'><strong>Cyrenes</strong></span> <span class='ocrx_word' id='word_1_376' title='bbox 1224 2518 1274 2564; x_wconf 89' lang='lat' dir='ltr'><strong>in</strong></span> <span class='ocrx_word' id='word_1_377' title='bbox 1304 2516 1462 2581; x_wconf 89' lang='lat' dir='ltr'><strong>Lybia</strong></span> <span class='ocrx_word' id='word_1_378' title='bbox 1496 2514 1866 2567; x_wconf 88' lang='lat' dir='ltr'><strong>Theodorum,</strong></span> 
     </span>
     <span class='ocr_line' id='line_1_39' title="bbox 102 2575 1864 2646; baseline 0 -19"><span class='ocrx_word' id='word_1_379' title='bbox 102 2575 389 2627; x_wconf 83' lang='lat' dir='ltr'><strong>Matheseos</strong></span> <span class='ocrx_word' id='word_1_380' title='bbox 411 2578 661 2645; x_wconf 81' lang='lat' dir='ltr'><strong>Principes</strong></span> <span class='ocrx_word' id='word_1_381' title='bbox 682 2575 865 2629; x_wconf 80' lang='lat' dir='ltr'><strong>audiit:</strong></span> <span class='ocrx_word' id='word_1_382' title='bbox 897 2578 1038 2628; x_wconf 90' lang='lat' dir='ltr'><strong>subin</strong></span> <span class='ocrx_word' id='word_1_383' title='bbox 1060 2578 1394 2646; x_wconf 84' lang='lat' dir='ltr'><strong>Pythagorica</strong></span> <span class='ocrx_word' id='word_1_384' title='bbox 1429 2580 1612 2631; x_wconf 86' lang='lat' dir='ltr'><strong>visurus</strong></span> <span class='ocrx_word' id='word_1_385' title='bbox 1640 2577 1864 2633; x_wconf 82' lang='lat' dir='ltr'><strong>oracula,</strong></span> 
     </span>
    </p>
   </div>
   <div class='ocr_carea' id='block_1_3' title="bbox 966 2640 1803 2693">
    <p class='ocr_par' dir='ltr' id='par_1_3' title="bbox 966 2640 1803 2693">
     <span class='ocr_line' id='line_1_40' title="bbox 966 2640 1803 2693; baseline -0.002 0"><span class='ocrx_word' id='word_1_386' title='bbox 966 2643 1006 2693; x_wconf 88' lang='lat' dir='ltr'>B</span> <span class='ocrx_word' id='word_1_387' title='bbox 1636 2640 1803 2693; x_wconf 87' lang='lat' dir='ltr'><strong>Philo-</strong></span> 
     </span>
    </p>
   </div>
  </div>
 </body>
</html>
