2242 2911
855 157 1137 210 Prooemium:

125 274 274 314 mare
297 252 553 321 ingenium
567 289 579 311 ,
601 266 658 306 ut
679 252 826 304 fimul
854 256 1086 306 animum
1106 253 1411 308 excolamus⁰⁷
1479 257 1600 310 Haec
1618 259 1906 313 char-adteri-

138 321 254 372 stica
273 319 560 383 Philosophi
588 315 743 369 nostri
766 321 1037 383 temporis,
1074 318 1138 367 fic
1164 320 1364 369 transire
1393 338 1478 385 per
1506 327 1818 390 temporalia,
1841 341 1909 375 ne

140 388 365 436 omittat,
382 383 461 432 vel
483 384 677 429 amittat
704 394 883 429 veterna
909 399 919 428 z
957 381 1021 429 fic
1041 382 1102 429 de
1128 386 1358 431 creaturis
1388 385 1652 435 discurrere
1668 422 1680 441 ,
1702 401 1756 436 ut
1783 391 1907 437 iten-

137 448 293 496 tidem
316 445 544 493 ascendat
564 445 625 493 ad
637 445 963 493 Creatorem:
1001 443 1082 492 hic
1107 441 1213 493 esto
1232 445 1341 494 finis
1362 445 1519 496 nostri
1540 450 1740 499 laboris.
1791 453 1906 500 Nec

136 511 188 559 id
208 510 426 557 alienum
449 510 556 569 quis
580 506 606 555 a
626 505 933 571 Philosopho
953 519 1110 571 putet,
1143 523 1238 556 nec
1267 525 1468 559 novum
1484 545 1496 566 ,
1521 528 1616 561 nec
1647 509 1907 562 inconsue-

137 586 249 621 tum
288 590 299 619 ε
337 586 452 618 mos
491 570 569 619 hic
602 570 886 618 multorum
920 601 933 623 ‚
969 569 1032 618 ad
1065 585 1272 619 morem
1312 574 1571 637 Sapientiae
1613 576 1901 625 Incarnatae.

137 638 188 685 N
196 634 387 696 unquid
415 636 549 681 enim
575 632 679 682 haec
705 666 717 686 ,
754 632 815 680 ab
839 632 973 680 unda
1001 636 1138 697 putei
1166 631 1429 746 staznantis
1458 637 1521 685 ad
1555 653 1704 700 aquas
1735 641 1902 702 gratiae

133 698 386 746 salientes?
423 697 450 746 a
472 699 570 746 vite
598 691 809 744 terrestri
839 695 901 743 ad
924 697 1081 745 vitam
1103 699 1252 746 eoelei
1279 701 1400 748 em?
1434 699 1462 749 a
1485 700 1703 749 semente
1725 702 1787 750 ad
1799 718 1906 752 ver-

135 761 259 809 bum
287 762 402 809 DEI
427 763 441 808 ?
477 759 504 808 a
524 760 629 816 lilijs
652 760 753 823 agri
775 757 838 806 ad
858 759 1267 810 Providentiam?
1291 761 1318 810 a
1340 761 1553 812 ficulnea
1574 765 1636 812 ad
1657 766 1904 814 Divinam

134 821 383 881 Justitiam
406 856 418 877 ,
456 822 721 871 discursum
748 837 857 869 non
885 833 989 869 tam
1021 822 1225 872 detorsit
1249 856 1262 880 ,
1299 825 1455 888 quam
1483 824 1802 876 amaeniffime
1832 828 1902 876 di-

136 888 322 936 vertit?
357 885 564 937 Verbo:
596 885 702 934 haec
725 883 882 935 Verbi
904 885 1079 935 Divini
1105 901 1345 952 perpetua
1378 889 1653 940 methodus
1687 890 1906 955 philoso-

135 949 323 1014 phandi
344 982 356 1003 ,
393 963 548 1012 quam
580 950 761 997 imitari
782 946 816 995 fi
836 946 1002 996 minus
1021 949 1305 1014 poffumus,
1342 955 1524 1001 imitari
1547 954 1683 1019 poffe
1702 954 1778 1002 vel
1802 969 1907 1002 ma-

134 1008 269 1060 xime
287 1014 532 1077 cupimus.
601 1011 774 1060 Ideam
797 1008 955 1074 porro
969 1013 1211 1077 propositi
1236 1015 1419 1064 laboriss
1432 1016 1501 1065 fic‘
1510 1020 1678 1082 accipe
1693 1034 1702 1063 :
1719 1016 1907 1066 Amoe-

134 1077 303 1125 mores
334 1077 563 1124 materias
585 1108 598 1129 ,
635 1090 755 1137 quas
786 1073 984 1138 sparsim
1018 1075 1167 1125 fufius
1200 1078 1276 1135 alii
1302 1112 1313 1132 ,
1351 1079 1414 1128 iic
1442 1081 1679 1145 colligere
1709 1082 1905 1130 animus

136 1151 240 1186 erat
266 1172 278 1190 ,
316 1152 370 1187 ut
402 1152 516 1202 tyro
535 1139 743 1188 suaviter
763 1139 966 1187 disceret
983 1171 996 1192 ,
1013 1152 1273 1190 veteranus
1299 1144 1480 1192 utiliter
1509 1143 1907 1206 doceret1quod

135 1201 170 1250 fi
194 1202 378 1264 relegas
404 1202 599 1251 dudum
635 1201 760 1249 lecta
784 1234 796 1255 ‚
832 1203 1121 1249 memineris
1159 1202 1181 1259 <
1199 1205 1335 1260 cujus
1370 1222 1633 1270 nunquam
1667 1222 1907 1270 euperem

132 1277 183 1312 te
216 1263 477 1321 oblivisci)
513 1264 617 1313 haec
637 1279 746 1311 non
769 1263 906 1312 scribi
926 1262 1238 1329 Philosopho
1258 1265 1529 1323 instrueto,
1564 1271 1644 1318 sed
1667 1271 1908 1320 instruen-

133 1328 204 1375 do
227 1361 240 1381 ,
277 1330 362 1389 qui
381 1329 593 1391 reperiet
612 1325 777 1373 forsan
797 1359 809 1380 ,
846 1339 955 1386 quae
971 1357 983 1378 ,
1008 1326 1183 1374 labore
1210 1331 1356 1377 nimis
1384 1334 1730 1383 incommodo
1748 1369 1760 1389 ,
1791 1335 1907 1384 alibi

135 1389 505 1455 vixindagaret.
586 1389 708 1438 Haec
743 1387 902 1452 porro
934 1387 1248 1458 problemata
1281 1392 1479 1457 physica
1509 1394 1572 1442 sic
1604 1399 1810 1446 traetare
1833 1401 1907 1447 in-

135 1454 404 1507 tendimus,
425 1466 479 1501 ut
499 1452 585 1500 ubi
604 1450 747 1499 filum
769 1451 1001 1500 discursus
1023 1456 1319 1516 porrexerit,
1339 1459 1585 1512 veritates,
1602 1458 1656 1507 ut
1677 1461 1906 1516 diximus,

137 1515 320 1564 ethicas
345 1516 541 1581 sparlim
569 1514 961 1563 immisceamus:
1011 1516 1336 1566 occasionem
1369 1520 1561 1569 dabunt
1597 1524 1676 1571 vel
1714 1523 1909 1587 praefixa

140 1579 469 1633 emblemata,
490 1579 569 1629 vel
593 1578 895 1627 Sanctorum
918 1580 1172 1643 exempla,
1208 1596 1338 1643 quos
1367 1585 1417 1631 in
1450 1584 1781 1650 Philosophia:
1812 1604 1908 1636 no·

138 1638 242 1690 strae
266 1644 513 1692 Patronos
536 1642 715 1705 eligere
736 1643 943 1705 placuit,
970 1656 1024 1690 ut
1044 1644 1079 1693 si
1100 1660 1209 1692 non
1231 1645 1385 1702 iacta,
1404 1647 1575 1697 saltem
1598 1649 1765 1699 minus
1794 1651 1910 1699 efi'et

134 1705 363 1770 profana.
433 1706 688 1756 Caeterum
712 1706 746 1755 fi
766 1708 817 1755 in
841 1705 1046 1756 decursu
1075 1708 1324 1757 defuerint
1350 1711 1512 1760 multa
1528 1747 1540 1766 ,
1565 1716 1756 1778 cogita,
1783 1714 1909 1763 mihi

135 1768 256 1832 saepc
281 1782 503 1834 tempus,
524 1785 608 1817 me
630 1769 796 1834 saepius
821 1772 1039 1833 tempori
1064 1771 1282 1821 defuiss'e'.
1351 1776 1413 1823 Et
1435 1778 1550 1838 quia
1580 1790 1817 1841 tyronem
1845 1778 1910 1826 ad

70 1829 81 1841 '⁴
137 1831 404 1881 discursum
425 1829 707 1881 instruimus
722 1867 733 1886 ,
754 1849 841 1898 per
863 1834 1129 1884 discursum
1150 1838 1479 1888 commodius
1501 1839 1656 1889 finem
1677 1840 1814 1889 hunc
1842 1841 1907 1890 as-

135 1894 423 1958 sequemur:
461 1895 495 1944 fi
519 1897 703 1945 modus
730 1896 811 1945 hic
835 1897 1068 1962 displicet,
1082 1899 1213 1953 audi,
1234 1901 1355 1963 quid
1372 1918 1584 1967 reponat
1603 1901 1759 1953 nostri
1779 1917 1904 1953 tem-
1936 1911 2046 1960 The.

136 1961 272 2021 poris
292 1975 401 2007 non
425 1975 607 2008 nemo:
654 1976 742 2006 mos
764 1960 860 2014 iste,
897 1964 1084 2022 inquit,
1104 1973 1185 2023 per
1204 1964 1388 2024 dialogos
1413 1967 1710 2028 disputationes
1729 1969 1900 2027 conseri·
1922 1976 1987 2033 ses
2020 1976 2088 2022 h2c

137 2022 263 2076 bere,
291 2037 536 2081 magnorum
565 2026 761 2070 virorum
790 2026 978 2085 exemplo
1005 2036 1182 2087 coeptus½
1222 2028 1456 2075 multorum
1476 2030 1639 2088 judicio
1663 2030 1895 2092 probatus,
1930 2040 2049 2084 edim

129 2096 362 2146 pancorum
383 2088 680 2132 criminatione
697 2103 777 2133 non
792 2087 1044 2136 vitiabitur.
1143 2088 1276 2138 Mihi
1295 2090 1502 2142 sufficiat
1534 2092 1706 2145 denuo
1736 2111 1900 2144 exem·
1937 2114 2071 2159 1721.

135 2148 279 2212 plum
291 2148 547 2211 Sapientiae
569 2150 855 2203 Incarnatae,
878 2167 1034 2214 quam
1059 2151 1406 2209 duodennem,
1430 2158 1480 2204 in
1503 2158 1677 2206 medio
1702 2159 1899 2209 Dosto-

136 2226 277 2265 rum,
301 2210 630 2274 disputantem
651 2212 876 2262 describit
895 2216 943 2263 S.
957 2211 1292 2280 Evangehsta>
1307 2220 1356 2269 ὃ(
1377 2215 1430 2267 ni
1454 2219 1603 2269 fallor
1618 2255 1631 2276 ,
1655 2221 1898 2287 disputan-

135 2285 244 2321 tem
280 2273 509 2321 familiari
548 2274 782 2339 dialogo,
810 2280 926 2339 quia
954 2280 1195 2324 audientem
1222 2281 1335 2333 illos,
1372 2284 1427 2330 ἄψ
1454 2287 1786 2345 interrogantem
1811 2303 1893 2333 eos.
1931 2295 2090 2341 Luca„

135 2338 268 2386 Hinc
293 2337 547 2385 calamum
569 2353 679 2386 non
705 2351 810 2388 tam
839 2340 1028 2392 devovi
1052 2339 1354 2406 syllogisticae
1383 2345 1590 2402 formae,
1622 2349 1765 2410 quod
1797 2361 1898 2398 erat

137 2397 350 2452 facilius,
374 2398 529 2462 quam
550 2403 718 2450 amico
743 2418 860 2452 cum
885 2417 1066 2469 tyrone
1099 2407 1367 2469 colloquio
1390 2445 1403 2460 ,
1438 2411 1582 2473 quod
1611 2423 1713 2460 erat
1740 2411 1898 2476 scopo

134 2461 538 2511 convenientius:
574 2463 939 2529 Philosophum
959 2470 1177 2518 imitatus
1191 2503 1204 2524 ,
1225 2473 1309 2532 qui
1336 2474 1485 2522 etiam
1508 2476 1559 2522 in
1583 2476 1756 2523 mortis
1775 2491 1900 2523 con-

135 2523 287 2581 finiis,
312 2526 432 2574 vino
455 2525 668 2576 Rhodio
692 2529 931 2579 Lesbium
964 2533 1197 2596 praetulit,
1257 2536 1336 2584 uia
1363 2535 1592 2601 sapidius:
1654 2537 1798 2587 Volo
1828 2538 1899 2586 di-

135 2601 264 2648 cere,
286 2590 372 2652 qui
389 2590 708 2647 Menedemo
730 2594 1246 2664 praetulitTheophr-ai
1273 2614 1361 2657 um
1381 2601 1434 2658 in
1450 2602 1683 2717 Peripatcs)
1701 2601 1896 2653 Success

1672 2679 1833 2723 oxem,
