2175 2911
382 115 441 175 98
956 109 1072 159 Circe
1098 108 1408 170 Philosbpbica.

323 216 430 256 met
449 202 800 254 Cacodaemon
815 233 828 255 ‚
850 199 956 251 haee
978 216 1036 250 ex
1057 202 1170 250 aere
1203 199 1289 248 fibi
1309 208 1526 262 corpora
1555 194 1773 251 format,
1792 210 1851 247 ac
1878 199 2067 251 induit:

323 283 432 320 non
463 264 577 317 raro
606 265 789 323 Lamijs
819 265 910 314 suis
941 264 1057 329 ipsas
1086 264 1304 312 ferarum
1335 263 1531 310 exuvias
1567 260 1872 316 circumdat,
1905 263 1956 312 ὃς
1985 263 2070 312 ali..

325 332 534 397 quando
556 346 613 380 ex
635 329 782 395 padio
805 327 868 377 sic
897 326 1040 378 aerea
1061 324 1201 376 vestit
1234 324 1514 373 belluarum
1544 322 1733 388 effigie,
1755 336 1810 373 ut
1841 325 2073 377 membra

324 396 590 445 membris,
624 392 870 456 quantum
895 393 1072 456 patitur
1105 389 1361 452 analogia,
1389 386 1501 451 apte
1528 387 1917 437 accommodet:
1953 387 2073 438 hinc

326 459 447 508 nihil
473 461 656 507 mirum
675 489 685 509 ,
714 454 747 504 fi
775 450 890 504 vere
916 456 1094 503 saucias
1122 454 1421 516 reperiamus
1443 453 1493 499 in
1514 450 1603 500 illo
1632 451 1897 505 membro,
1925 452 2072 515 quod

324 525 376 571 in
406 523 568 570 ferino
592 533 808 584 corpore
828 517 981 567 istum
1005 527 1286 579 exceperat,
1304 528 1420 562 nam
1441 514 1615 562 leviter
1633 512 1766 562 cessit
1789 516 2072 579 circumpo-

324 585 439 635 fitus
460 588 572 637 aer,
601 578 774 646 sicque
804 582 981 631 vulnus
1013 580 1239 629 humano
1267 579 1471 642 corpori
1496 573 1838 640 postmodum
1863 577 2066 627 inhaesit.

329 647 491 712 Quod
514 646 546 695 si
565 661 736 695 tamen
758 644 930 694 delusae
953 645 1137 706 Strygis
1161 639 1341 689 abesset
1361 655 1562 704 corpus,
1581 640 1817 689 sauciatur
1837 640 1862 689 a
1881 640 2069 690 daemo-

324 727 389 760 ne
410 715 460 760 in
483 712 561 759 illa
585 722 745 774 parte,
775 723 927 769 quam
951 709 1002 755 in
1024 708 1186 754 ferino
1209 719 1422 766 corpore
1450 704 1534 751 scit
1554 705 1881 752 vulneratam.
1967 706 2070 753 Ne-

325 789 425 837 que
464 774 802 837 patrocinatur
849 767 1254 832 Metamorphosi
1300 765 1510 817 thsxca:
1550 766 2065 816 Nabuchodonosor:

323 852 445 888 nam
470 848 823 901 praeterquam,
849 832 991 896 quod
1010 833 1125 881 DEl
1146 833 1325 895 Digito
1353 818 1592 878 debeatur
1621 829 1723 878 hoe
1745 829 2072 894 paradoxom

324 902 491 950 verior
515 910 651 946 tenet
681 895 999 960 Philosophia
1019 927 1035 949 ‚2
1058 894 1272 958 figuram
1297 892 1574 941 humanam
1604 891 1802 941 tantum
1841 908 1900 940 ex
1933 904 2071 956 parte

323 959 640 1026 degener-affe
664 963 714 1009 in
743 959 1042 1010 belluinam,
1062 957 1126 1004 lic
1150 957 1274 1005 vero
1307 955 1589 1003 humorum
1615 959 1938 1019 temperiem,
1967 956 2070 1002 sen-

321 1024 499 1087 susque
532 1028 755 1072 internos
778 1053 792 1073 ‚
820 1021 944 1067 bovi
971 1019 1130 1066 fastos
1157 1019 1418 1078 anal'agos‚
1444 1029 1498 1062 ut
1537 1017 1668 1063 bruti
1695 1015 1842 1064 instar
1868 1017 2069 1065 incede-

323 1101 398 1137 ret
427 1086 706 1148 quadrupes
727 1115 740 1134 ,
771 1082 1045 1129 vesceretur
1068 1079 1243 1130 foeno,
1265 1077 1499 1124 homines
1527 1078 1746 1139 fugeret,
1767 1075 2070 1142 degeretque

321 1150 407 1200 sub
424 1150 528 1196 Dio
557 1145 721 1193 miser:
762 1140 925 1190 effecit
949 1154 1123 1187 tamen
1155 1139 1322 1187 divina
1333 1139 1522 1193 Virtus,
1545 1152 1598 1187 ut
1622 1140 1708 1188 sub
1734 1140 1951 1191 belluina
1974 1143 2071 1194 hac

271 1221 286 1234 ⁶
321 1211 496 1261 indole
520 1206 772 1255 rationalis
800 1205 967 1252 anima
986 1203 1335 1265 perseveraret·

448 1271 650 1322 LEUC:
716 1264 940 1318 Minuisti
967 1265 1282 1330 scrupulum,
1309 1263 1530 1314 necdum
1559 1276 1732 1314 tamen
1761 1264 1984 1318 sustulisti
2012 1286 2072 1320 ex

320 1347 457 1386 toto.
557 1335 608 1382 Si
626 1333 796 1395 Magia
821 1330 943 1379 nihil
970 1332 1020 1380 in
1039 1329 1173 1392 leges
1188 1330 1420 1382 Naturae,
1444 1343 1549 1390 quo
1576 1329 1757 1394 pasto,
1773 1331 1960 1395 absque
1987 1350 2071 1399 pe-

320 1398 615 1450 netrationis
636 1394 949 1458 compendio
963 1427 978 1447 ‚
1001 1408 1060 1441 ex
1080 1406 1170 1440 ore
1198 1390 1421 1439 hominis
1443 1393 1562 1456 saepe
1588 1393 1741 1449 ejicit,
1762 1408 1870 1456 quae
1888 1397 1939 1444 in
1961 1412 2073 1447 cor-

320 1478 413 1527 pus
433 1460 706 1509 immittere
729 1472 816 1519 per
847 1457 978 1519 leges
1005 1457 1209 1505 Naturae
1230 1451 1440 1503 minime
1462 1455 1630 1504 licuit?
1681 1460 1920 1512 memini,
1950 1459 2073 1510 cum

321 1525 537 1586 Dilingae
572 1536 655 1570 me
681 1519 844 1569 adhuc
870 1534 1082 1583 puerum
1116 1517 1406 1566 excolerent
1432 1517 1612 1574 Mulie,
1633 1518 1770 1569 fuiffe
1799 1521 2069 1579 Sodalem‚

320 1583 611 1638 familiarius
639 1583 764 1633 mihi
805 1594 1019 1634 notum,
1042 1583 1126 1644 qui
1161 1596 1298 1629 nunc
1329 1580 1582 1630 &uetabat
1618 1582 1826 1633 calcaria
1854 1586 2071 1651 integra,

318 1651 425 1700 saxa
444 1646 648 1713 grandia
663 1680 676 1701 ‚
696 1646 882 1696 cultros
898 1648 977 1699 ,δε
997 1644 1337 1693 emunctoria:
1372 1659 1508 1693 nunc
1530 1646 1804 1694 evomebat
1825 1645 1977 1701 frusta
2002 1652 2068 1700 vi.

319 1726 441 1764 trea,
468 1711 667 1764 clavos,
689 1712 740 1760 ὃς
761 1724 880 1758 acus.
897 1709 965 1757 sat
990 1707 1407 1772 grandes‚.spinaS‚
1432 1705 1757 1771 pilorumque
1784 1709 1969 1772 globos
1995 1714 2069 1761 in-

317 1789 515 1842 tegros,
536 1772 734 1836 aliaque
761 1771 1011 1828 ejusmodi
1035 1804 1053 1826 ‚.
1075 1785 1184 1834 quae
1220 1771 1461 1832 deglutire
1490 1769 1587 1834 ipse
1615 1770 1865 1820 Cerberus
1893 1773 2066 1824 formi-

317 1841 476 1890 daret.
544 1838 705 1885 MEL:
769 1831 850 1884 Est
869 1835 974 1883 haec
992 1836 1117 1883 mira
1138 1834 1366 1891 mal'eficij
1387 1830 1575 1882 hostilis
1594 1837 1836 1898 potentia,
1850 1849 1958 1896 quae
1974 1852 2069 1888 nec

320 1917 484 1953 unum
511 1900 612 1957 jam
639 1899 862 1962 fatigavit
880 1896 1265 1961 Philosophum.
1359 1898 1510 1951 Sunt,
1530 1900 1616 1959 qui
1647 1899 1848 1946 minora
1873 1898 1979 1949 haec
1997 1904 2069 1951 in-

319 1963 594 2014 strumenta
609 1996 622 2018 ,
646 1962 939 2012 dilatatione
958 1976 1238 2026 potorum,
1256 1961 1498 2025 &organi
1515 1959 1803 2008 extensione
1831 1961 1937 2018 ejici
1959 1964 2068 2028 pos-

320 2028 369 2078 se
387 2024 686 2082 existiment:
723 2024 850 2079 sunt,
874 2027 963 2087 qui
978 2036 1154 2089 putent
1175 2039 1250 2073 res
1268 2023 1559 2090 grandiores
1583 2022 1820 2074 incisione
1840 2029 2067 2090 corporis

320 2090 481 2141 subtili
505 2089 567 2138 sic
586 2090 882 2141 intromitti,
909 2099 963 2136 ut
983 2087 1232 2137 demersos
1254 2090 1438 2136 somno
1467 2101 1563 2134 nec
1586 2085 1683 2150 ipse
1713 2087 1867 2137 dolor
1895 2089 2066 2139 adver-

320 2164 393 2202 tat
407 2169 417 2200 :
439 2166 603 2213 neque
623 2151 810 2216 superat
824 2151 1142 2214 Chirurgiam
1153 2151 1376 2215 Stygiam
1388 2147 1474 2199 ista
1485 2151 1674 2213 peritia,
1687 2150 1796 2199 imo
1817 2166 1911 2200 nec
1927 2153 2063 2200 illam

322 2217 478 2266 latent
504 2214 899 2268 medicamenta,
921 2229 1029 2274 quae
1050 2213 1230 2262 vulnus
1255 2213 1326 2263 fic·
1353 2212 1673 2262 consolident
1699 2212 1860 2263 subito
1876 2247 1889 2268 ‚
1911 2225 1964 2261 ut
1994 2227 2062 2262 ne

321 2278 530 2341 quidem
555 2288 784 2339 appareat
815 2278 1035 2325 cicatrix..
1130 2277 1257 2335 Aliis
1286 2276 1578 2342 praeplacet,
1601 2291 1716 2324 eam
1734 2275 2061 2326 Archimimo

320 2338 558 2391 malefico
588 2338 852 2386 attribuere
875 2341 1145 2394 virtutem2
1175 2355 1274 2404 qua
1295 2338 1584 2390 solidissima-
1598 2352 1926 2401 quaequenon
1949 2352 2062 2388 mo-

319 2402 396 2453 do
414 2399 560 2468 poffit
581 2402 632 2449 in
660 2399 1001 2450 minutissimas
1019 2414 1179 2467 partes
1200 2403 1420 2453 dividere
1432 2436 1451 2458 ,,
1466 2401 1554 2451 sed
1573 2401 1723 2451 divisa
1744 2414 1867 2449 mox
1885 2397 2058 2451 denuo

319 2468 546 2520 reunire,
563 2467 613 2515 ὃς
635 2460 695 2512 ea
723 2463 928 2526 quidem
956 2465 1225 2517 subtilitatis
1258 2478 1506 2533 promptae
1537 2457 1798 2515 industria,
1827 2476 1937 2523 quae
1964 2461 2057 2513 hu-

315 2542 531 2583 manum
552 2527 764 2581 oculum
783 2540 893 2578 non
913 2527 1077 2580 solum
1097 2530 1269 2597 fugiat,
1290 2530 1373 2584 sed
1397 2535 1450 2585 ὅ(
1465 2527 1623 2580 fallat..
1714 2524 1807 2576 Me
1823 2526 1965 2596 quod
1987 2540 2060 2579 at·-

1854 2599 1999 2643 tinet>
