2175 2911
424 130 516 174 104
927 109 1060 171 Scylla
1093 119 1220 174 atque
1254 106 1495 171 Charybdss.

352 209 566 277 Ipsamet
585 204 646 256 de
668 203 715 255 se
740 205 1029 259 annuntiet,
1053 203 1116 253 de
1140 202 1230 253 suo
1258 199 1523 252 stemmate
1558 199 1855 267 respoudeat
1881 205 2108 266 quaefita:
2160 227 2162 257 1

349 273 577 335 namque
597 271 664 319 sat
681 266 750 319 cst
769 268 982 322 vocalis,
1009 280 1064 316 ut
1091 268 1234 330 loqui
1257 265 1430 332 possit3
1456 266 1522 314 sat
1541 266 1764 330 garrula,
1787 279 1842 315 ut
1865 267 2010 330 loqui
2033 283 2114 318 ve·
2160 295 2161 299 =

348 340 422 390 lit.
491 338 552 386 Et
574 335 715 383 ecce!
750 333 907 397 quam
938 327 1248 397 aenigmatica
1271 331 1515 380 locorum
1536 327 1753 379 mixtura
1776 331 1915 379 suam
1945 331 2042 395 ipsa
2064 330 2116 382 fi-

107 396 235 447 Echo.
349 403 401 451 bi
424 398 658 464 effigiem.
731 397 1034 455 Genealogiam
1064 410 1225 444 meam,
1252 392 1287 442 fi
1319 395 1558 455 quaeritis,
1586 409 1681 458 pro
1715 406 1875 442 matre
1897 393 2118 458 agnosco

349 467 576 530 linguam
593 496 606 517 ,
628 476 722 527 pro
749 473 885 526 patre
909 461 1104 517 Jovem
1135 460 1341 506 a'e'reum
1358 490 1370 509 ,
1394 471 1568 504 aurem
1588 471 1681 520 pro
1710 453 2004 512 obstetrice,
2025 473 2119 523 pro

350 527 669 579 incunabulis
701 524 868 573 fauces
890 556 903 578 ,
936 537 1029 587 pro
1063 520 1336 569 nutricibus
1374 519 1660 584 pulmones.
1766 521 1898 569 Illud
1925 522 2120 570 malum

352 590 440 646 est,
457 588 603 654 quod
621 603 819 638 caream
838 599 1006 635 tutore
1022 618 1036 639 ,
1070 581 1187 632 licet
1212 584 1420 649 pupilla:
1458 597 1580 630 nam
1601 581 1722 631 cum
1737 599 1822 633 me
1841 586 2118 650 parturiunt

351 656 508 710 labia,
530 654 727 719 fugant:
764 652 885 700 cum
911 664 996 697 me
1017 650 1263 713 recipiunt
1289 661 1431 695 aures
1461 679 1473 699 ,
1499 647 1809 709 extinguunt.
1884 649 2019 697 Hinc
2039 650 2119 697 vix

353 731 494 774 nata,
518 716 757 766 dcnascor
782 710 973 767 denuo,
993 727 1087 760 nec
1108 707 1177 758 est
1199 710 1410 775 spatium
1444 711 1556 758 vitae
1578 709 1763 765 majus,
1788 709 1945 772 quam
1965 726 2119 773 quan-
2161 729 2164 767 f

354 795 468 832 tum
505 782 688 830 itineris
708 777 736 828 a
754 777 978 827 faucibus
1001 771 1069 822 est
1091 775 1154 823 ad
1176 789 1332 822 aures.
1402 775 1579 819 Nomen
1598 772 1632 822 si
1651 773 1911 838 indagatis,
1934 775 2120 832 resbnan-

357 850 465 893 tiam
480 842 810 901 Latini,filiam
837 844 954 886 vom
967 838 1165 888 Hebraei
1186 853 1270 885 mc
1291 839 1578 885 nominant.
1626 836 1728 892 Alij
1741 837 1925 896 jocofizm
1947 852 2030 885 me
2053 838 2121 886 di-

116 922 325 970 Hor,l,2,
361 923 482 959 cunt
509 910 761 968 imaginem:
798 904 874 961 alij
900 903 1158 952 montium
1187 901 1413 950 incolam
1438 933 1451 953 ,
1485 901 1728 948 sermonis
1757 903 2018 954 nuntiam,
2047 901 2122 949 lo-

111 987 202 1037 ode.
221 998 294 1035 12,
357 987 575 1036 quaccm
595 984 798 1022 auram,
825 969 1048 1016 animam
1080 965 1342 1018 saxorum,
1367 964 1598 1012 sororem
1629 963 1805 1027 suspirij
1829 997 1842 1017 ,
1874 964 2124 1027 sylvarum

360 1036 630 1086 oraculum
655 1032 921 1096 appellant.
989 1030 1138 1075 studia
1160 1027 1193 1075 fi
1214 1028 1481 1088 inquiritis,
1497 1026 1660 1073 fateor
1679 1027 1816 1073 nulla
1836 1025 1962 1077 sunt,
1985 1029 2036 1075 ὅ(
2057 1038 2126 1074 ta-
2162 1038 2165 1063 ὲ

353 1115 478 1149 men
515 1094 646 1145 adeo
669 1099 780 1143 sum
815 1092 1025 1143 erudita,
1046 1102 1101 1136 ut
1119 1104 1301 1136 omncs
1325 1089 1517 1151 linguas
1541 1088 1750 1149 loquar,
1775 1100 1926 1150 atque
1948 1090 2140 1138 intelli·.

354 1176 510 1225 gam:
547 1155 679 1206 adeo
715 1154 970 1217 ingeniosa
990 1184 1002 1204 ,
1035 1163 1090 1198 ut
1125 1150 1372 1212 quidquid
1403 1151 1555 1214 semel
1589 1149 1793 1202 audivi,
1833 1151 2122 1207 didicerim,

355 1234 528 1287 parata
554 1220 704 1268 toties
726 1214 1028 1281 respondere
1050 1247 1064 1269 ,
1101 1214 1299 1276 quoties
1319 1215 1428 1276 quis
1453 1225 1649 1278 paratus
1669 1210 1739 1262 est
1761 1229 1996 1277 quaerere.
2065 1217 2122 1264 E-

357 1286 537 1349 linguis
580 1282 689 1331 sum
717 1280 881 1329 fateor
913 1312 926 1333 ,
961 1293 1056 1326 nec
1087 1289 1260 1325 tamen
1280 1279 1486 1341 incapax
1510 1277 1574 1325 ad
1607 1277 1965 1340 loquendum:
2003 1293 2122 1328 nam

363 1361 507 1399 muta
528 1347 789 1396 montium
807 1343 1030 1392 culmina
1051 1340 1116 1388 fic
1135 1341 1281 1402 loqui
1305 1356 1389 1388 me
1414 1338 1638 1390 docuere
1661 1342 1931 1405 elinguem,
1958 1354 2012 1390 ut
2030 1357 2122 1390 no-

359 1428 431 1464 vo
452 1409 700 1460 miraculo
721 1421 875 1457 voces
901 1403 1113 1452 reddam
1146 1402 1313 1467 saepius
1340 1416 1567 1452 mortuas
1591 1437 1605 1458 ,
1641 1403 1792 1452 semel
1824 1407 1961 1454 vivas
1985 1437 1998 1459 ,
2033 1404 2122 1455 fibi

359 1470 632 1540 superstites
647 1505 661 1525 ,
683 1473 733 1521 ὅ(
751 1468 969 1518 haeredes
991 1466 1061 1515 sui
1078 1499 1091 1520 ,
1123 1481 1233 1528 quae
1259 1465 1449 1514 inflexis
1476 1467 1710 1535 saxorum
1729 1467 1985 1516 scrobibus
2003 1501 2017 1523 ,
2040 1482 2122 1518 ve-

359 1539 453 1589 luti
478 1536 701 1589 tumulis,
718 1532 1034 1584 clauduntur,
1050 1531 1303 1578 utiterum
1322 1530 1450 1578 nasci
1480 1530 1664 1594 possint
1682 1531 1962 1580 infeliciore
1989 1544 2124 1586 ortu,

360 1601 518 1664 quam
541 1600 733 1649 funere.
802 1598 950 1645 Muta
971 1593 1105 1647 sum,
1125 1593 1315 1648 fateor,
1342 1597 1392 1643 ὅ(
1414 1605 1588 1642 tamen
1606 1594 1846 1656 loquaces
1868 1592 1998 1644 adeo
2018 1595 2126 1643 red·
2160 1616 2175 1649 μ

362 1667 434 1714 do
460 1665 634 1716 lucos,
665 1673 721 1710 ut
757 1658 957 1709 vocales
985 1656 1228 1706 Dodonae
1261 1671 1472 1718 quercus
1497 1689 1510 1709 ,
1545 1656 1912 1720 fatidicumque
1942 1673 2123 1707 nemus

362 1743 460 1792 prae
482 1723 684 1789 stupore
703 1735 908 1772 mutum
931 1721 1032 1779 jam
1053 1732 1275 1785 torpeat,
1297 1722 1348 1770 ὅ(
1371 1719 1688 1768 conticescat.
1758 1722 1960 1766 Formam
1980 1719 2122 1770 nosse

365 1790 402 1841 fi
422 1786 727 1854 cupitis,fine
746 1787 916 1835 forma
936 1781 1021 1839 est,
1046 1798 1213 1846 neque
1236 1795 1409 1831 tamen
1435 1782 1704 1831 deformis:
1741 1798 1863 1831 nam
1875 1783 2136 1847 Nympha>

365 1853 500 1907 sum,
521 1851 602 1902 sed
632 1850 734 1900 fine
760 1864 1006 1914 corpores
1036 1850 1236 1912 imago,
1255 1846 1337 1894 sed
1361 1846 1462 1895 sine
1491 1845 1643 1898 facies
1680 1848 1874 1900 anima,
1903 1846 1987 1894 sed
2019 1846 2120 1896 line

366 1919 495 1968 vita3
531 1917 679 1965 unica
702 1917 754 1965 ὅ(
780 1926 954 1961 tamen
976 1909 1143 1976 saepius
1166 1910 1452 1974 imiltiplex;
1489 1925 1590 1961 vox
1609 1909 1706 1974 ipsa
1725 1912 1777 1959 <Sc
1797 1908 2120 1959 fimulacrum

368 1981 510 2030 vocis
524 2012 537 2034 ,
562 1979 727 2027 sermo
746 1993 891 2027 verus
913 1979 965 2026 ὅ(
987 1987 1159 2023 tamen
1178 1974 1356 2039 pietus,
1378 1989 1487 2022 non
1512 1974 1604 2022 alia
1626 1971 1812 2021 artifice
1826 2006 1839 2027 ,
1857 1972 2014 2037 quam
2035 1988 2120 2022 me

370 2044 482 2107 ipsa.
551 2040 715 2112 Qiod
737 2040 773 2091 si
792 2041 974 2087 indolem
1001 2035 1325 2102 investigetis,
1354 2038 1528 2086 volare
1553 2037 1693 2085 soleo
1718 2035 1819 2085 fine
1840 2039 2041 2100 pennis,
2065 2036 2136 2087 s1--
2161 2028 2164 2061 ³

370 2120 436 2154 ne
457 2119 546 2153 ore
566 2106 733 2167 loqui,
753 2103 854 2153 sine
876 2102 1075 2152 auribus
1097 2102 1392 2151 auicultare:
1427 2100 1550 2164 saepe
1576 2101 1809 2155 minitor,
1834 2100 1915 2149 sed
1939 2099 2152 2163 absque·

370 2167 600 2217 cholera:
638 2168 758 2231 1³aepe
777 2179 1003 2216 amanter
1030 2165 1261 2215 blandior
1277 2197 1290 2219 ,
1310 2163 1393 2212 sed
1418 2164 1600 2226 absque
1618 2163 1800 2212 corde:
1836 2163 1956 2228 saepe
1973 2165 2136 2215 ratio-;

371 2233 543 2283 cinor,
565 2230 645 2278 sed
673 2230 855 2292 absque
874 2242 1070 2278 mente:
1118 2230 1368 2295 promitto
1402 2228 1586 2282 multa,
1606 2226 1728 2275 nihil
1760 2225 2002 2275 observo:
2049 2226 2133 2277 nil*

372 2295 576 2346 volens,
601 2290 804 2357 postulo
824 2327 838 2347 ,
859 2306 968 2342 tota
997 2309 1099 2342 vox
1116 2326 1129 2348 ,
1151 2295 1201 2342 ὃς
1226 2307 1413 2342 vocem
1442 2307 1552 2340 non
1572 2290 1765 2339 habeo:
1804 2289 1983 2338 eadem
2008 2289 2117 2338 sum

374 2356 584 2406 diversa:
623 2371 757 2403 nunc
790 2356 989 2420 crispata
1018 2359 1070 2406 in
1093 2355 1364 2409 modulos,
1387 2371 1527 2404 aures
1548 2354 1778 2402 mulceo:
1814 2369 1950 2401 nunc
1973 2353 2118 2403 vehe-

375 2418 594 2468 mentius
615 2417 824 2473 intensa,
849 2431 1040 2469 terreo:
1069 2435 1206 2469 nunc
1237 2419 1389 2468 fracta
1412 2418 1651 2468 emollio:
1699 2416 1786 2464 ubi
1817 2418 1975 2465 vitam
2006 2431 2116 2464 non

372 2482 559 2537 habeo,
581 2497 783 2547 operor,
805 2482 890 2531 ubi
909 2498 1105 2547 operor,
1123 2499 1231 2534 non
1253 2486 1402 2533 vivo:
1439 2479 1564 2530 stans
1585 2481 1637 2528 in
1658 2495 1748 2528 ore
1772 2481 1822 2527 in
1844 2480 1985 2543 plura
2000 2480 2116 2527 loca

373 2544 613 2611 diffugio:
647 2544 823 2598 habito
851 2545 943 2604 ibi,
971 2548 1056 2599 ubi
1084 2564 1195 2599 non
1221 2548 1355 2600 sum:
1396 2549 1451 2599 in
1476 2544 1656 2598 vicinia
1683 2558 1889 2597 moror,
1912 2545 1963 2591 ὅ(
1990 2542 2115 2591 loco
2158 2541 2164 2610 l

1871 2619 2048 2655 careo:

2161 1669 2164 1720 i

2160 1733 2165 1795 ¹.

2160 1798 2175 1849 μ

2160 1862 2175 1907 {l

2160 1922 2175 1980 μ

2160 1983 2165 2027 ί

2173 1989 2175 2017 l
