2175 2911
373 119 400 164 5
404 118 435 162 4
978 107 1222 172 Dlphthem
1241 104 1391 169 Jovz's'.

304 191 378 240 dis
399 202 504 240 tam
526 203 794 259 promptos
816 226 830 248 ‚
864 192 1020 258 quam
1044 200 1095 246 in
1115 195 1353 246 discendis
1374 195 1469 245 hos
1492 193 1713 245 curiosos
1737 227 1750 248 ,
1787 197 1903 258 quia
1925 194 2061 264 vulgi

302 253 369 302 de
387 253 578 307 furfure
598 257 756 312 leves,
795 260 846 308 ὃς
864 259 1054 309 otiosos
1084 278 1094 307 :
1132 259 1253 323 quid
1280 257 1400 321 ergo
1426 262 1613 308 mirum
1631 292 1643 312 ‚
1667 258 1700 307 si
1720 258 1810 307 illis
1831 260 2062 324 Impietas

298 317 446 366 cedat
473 319 536 368 ad
569 320 767 370 lucrum
795 354 808 375 ‚
843 321 915 371 his
942 322 1193 372 euriositas
1219 321 1281 370 ad
1309 322 1428 370 mali
1448 323 1655 373 illicium
1681 355 1693 376 ,
1744 317 1940 385 suisque
1958 323 2062 388 ipsi—

299 393 408 429 met
429 381 616 445 laqueis
638 386 951 435 irretiantur?
1136 387 1139 389 ’

430 446 629 497 LEUC:
699 448 905 499 Utinam
922 463 1070 512 penes
1087 450 1223 514 vulgi
1240 450 1480 498 sentinam
1504 450 1787 497 contineret
1803 447 1847 495 se
1863 446 2064 498 tantum

297 508 425 557 lues!
473 509 555 558 sed
585 526 769 575 nempe
797 513 974 560 accidit
995 509 1163 560 nostra
1190 526 1329 561 aetate
1346 546 1358 565 ‚
1381 512 1523 575 quod
1545 512 1607 560 de
1637 512 1718 560 sua
1743 508 1974 573 questum
1996 512 2065 560 le-

297 574 462 683 {imus
484 575 721 624 Tacitum
747 591 757 621 :
794 571 1193 639 Astrologorum
1221 578 1503 626 Nationem
1530 608 1542 628 ‚
1579 588 1822 636 tanquam
1844 575 2061 639 potenti-

338 651 391 683 us
411 634 620 686 infidam
640 670 652 691 ‚
685 639 736 688 δε
755 637 1054 703 sperantibus
1079 639 1307 687 fallacem
1333 641 1537 688 vetitam
1558 638 1747 702 semper
1763 670 1776 690 ‚
1799 637 2063 686 sedtamen

288 698 489 764 semper
509 712 770 749 retentam.
829 702 954 750 Sunt
973 705 1249 751 etiamnum
1267 702 1511 766 personati
1524 699 1826 764 Astrologiae
1840 701 2064 754 Patroni,

296 764 383 824 qui
402 777 513 812 eam
535 761 702 827 lingua
724 764 981 818 damnant,
997 765 1130 813 faeiis
1154 766 1371 828 prob-ant
1392 762 1558 817 res‚est
1572 761 1858 828 stupore‚an
1876 763 2061 816 dicam,

295 826 772 890 vituperiodignior?
807 830 1015 876 mirante
1031 828 1413 891 propemodum
1428 827 1570 876 Orbe
1583 860 1595 879 ‚
1616 828 1661 874 se
1673 839 1843 875 totum
1865 823 2062 875 evasisse

296 885 655 952 Astrologum.
767 891 906 955 Quid
925 894 1060 939 enim
1082 891 1213 940 aliud
1235 892 1513 953 loquuntur
1534 901 1614 937 tot
1637 888 2006 951 ephemerides,
2027 887 2056 938 ὲ

295 951 608 1015 Sapientibus
630 967 840 1014 quoque
861 966 967 1000 tam
995 950 1200 1000 sollicite
1223 953 1474 1003 consultae,
1507 951 1627 1000 eum
1650 953 1712 1000 dc
1734 953 1864 1016 pacis
1879 984 1891 1006 ,
1921 947 2063 1000 belli-

295 1029 395 1076 que
417 1013 758 1067 viciffitudine‚
782 1015 843 1061 de
863 1017 1182 1075 Regnorum,
1210 1029 1268 1060 ac
1290 1016 1483 1061 Rerum
1507 1013 1821 1074 publicarum
1840 1010 1965 1062 statu
1991 1010 2062 1062 est

295 1093 358 1124 au
397 1076 674 1125 urandum?
711 1074 831 1136 quid
850 1074 983 1121 aliud
1002 1073 1143 1121 sonat
1162 1071 1395 1120 festivum
1423 1073 1571 1120 illud:
1591 1072 2060 1132 Eugabellfflfifort‘e

293 1091 667 1201 Atgtrologaster
690 1137 1018 1189 nativitatem,
1034 1150 1091 1183 ac
1111 1136 1392 1199 periculum
1415 1136 1666 1199 Principis,
1691 1137 1836 1200 praelij
1867 1139 1944 1184 vel
1969 1139 2060 1187 ob·

289 1200 492 1249 fidionis
517 1198 811 1264 prosperum
832 1209 1073 1247 eventum
1090 1231 1102 1251 ,
1138 1200 1388 1262 Magnatis
1424 1201 1786 1263 captivitatem,
1819 1213 1902 1249 aut
1922 1216 2062 1250 mor—

287 1263 416 1312 bum
437 1261 658 1327 apposite
678 1264 969 1311 vaticinatus
993 1260 1087 1309 ess'e
1106 1261 1329 1310 videtur?
1366 1261 1486 1323 quid
1503 1295 1515 1314 ‚
1530 1263 1740 1324 inquam
1755 1295 1767 1316 ‚
1792 1261 1896 1311 haec
1919 1279 2056 1319 eura,

291 1323 591 1391 plaususque
618 1325 874 1388 designant
889 1358 902 1378 ‚
923 1323 1011 1372 nisi
1032 1320 1412 1388 Astrologieam
1432 1325 1660 1388 Hydram
1682 1326 1958 1380 identidem
1986 1342 2059 1376 re-

291 1390 640 1453 pullulantem,
663 1385 848 1449 adeoqs
880 1388 1026 1435 armis
1055 1386 1118 1436 ad
1140 1387 1338 1436 Philoso
1378 1387 1467 1436 hiae
1489 1400 1660 1437 cotem
1681 1387 1892 1443 affriCtis,
1918 1389 2057 1439 iden-

292 1451 452 1501 tidem
474 1451 827 1516 {ugulandam}
894 1451 1050 1496 MEL:
1119 1447 1276 1499 Rec‘te
1310 1404 1565 1499 ohservas:
1609 1452 1708 1501 Sed
1733 1454 1856 1501 alios
1884 1458 2057 1515 ego·in

290 1507 523 1579 Peripnto
545 1511 852 1576 Astrologos
873 1511 1088 1564 horreo,
1119 1515 1203 1575 qui
1226 1528 1410 1579 nempe
1439 1513 1656 1564 siderum
1675 1516 1798 1569 fata,
1826 1514 2056 1566 dodisma

292 1578 589 1641 reprobant,
614 1576 692 1626 sed
714 1574 835 1630 vita,
860 1579 911 1627 ὅ(
932 1576 1159 1627 moribus
1184 1577 1400 1640 probant
1424 1579 1664 1637 Philosophi
1683 1578 1888 1627 imbelles.
1959 1582 2052 1628 Fac

295 1643 432 1688 enim
456 1641 667 1688 tentatio
688 1641 908 1703 ingruat,
938 1652 1132 1703 premat
1152 1637 1353 1689 afflietio
1374 1673 1387 1693 ‚
1412 1640 1687 1704 persecutio
1710 1638 1854 1688 instet
1874 1675 1886 1695 ,
1924 1644 2053 1690 vale-

290 1703 420 1752 tudo
446 1715 663 1751 tentetur
678 1735 691 1756 ‚
714 1702 971 1751 elabantur
995 1702 1211 1753 fortunae
1236 1736 1248 1754 ‚
1284 1702 1455 1752 honor
1473 1703 1537 1750 ad
1558 1704 1768 1752 aemulos
1787 1703 1967 1767 fugiat)
1985 1708 2053 1756 ὅς

293 1768 450 1817 Eece!
489 1766 628 1823 Cafitm
648 1780 772 1813 mox
795 1765 1131 1815 lamentantur
1145 1799 1158 1820 ‚
1181 1769 1411 1813 Fortunam
1432 1769 1712 1830 increpant,
1735 1765 2054 1825 infazdlosidere

293 1830 339 1878 se
359 1842 504 1879 natos
524 1829 707 1886 ejulant
721 1862 734 1883 ‚
754 1828 1251 1892 indignanturststris,
1275 1833 1428 1876 Fatum
1457 1842 1745 1878 execrantur
1766 1829 1904 1878 velut
1926 1829 2051 1886 inju-

295 1890 443 1946 stum,
464 1909 559 1955 prae
575 1907 803 1941 moerore
823 1892 1013 1948 dejecti,
1037 1908 1133 1957 prae
1159 1893 1331 1942 furore
1351 1906 1572 1941 amentes
1585 1910 1597 1944 3
1634 1892 1950 1955 Philosophi,
1971 1893 2053 1942 vel

297 1954 501 2004 fimaViS
516 1989 528 2009 2
554 1954 806 2016 ,Astrofiaphi
824 1954 1027 2003 imbelles.
1091 1958 1228 2005 Ruat
1250 1959 1500 2020 Peripatus
1515 1989 1526 2009 ,
1541 1955 1574 2004 fi
1589 1954 1784 2004 cariosis
1798 1953 1927 2004 adeo
1939 1956 2051 2004 fun-

296 2018 540 2083 damentis
558 2030 700 2067 nutat
722 2036 733 2066 :
773 2030 940 2082 percat
959 2018 1301 2084 Philosophia,
1327 2019 1361 2068 fi
1390 2023 1655 2083 primaevos
1680 2018 1895 2068 dedocOEa
1924 2018 2052 2083 spiri-

296 2093 400 2135 tus,
428 2080 715 2144 doeetgum
735 2081 947 2131 fortibus
978 2082 1176 2137 sentire,
1207 2098 1327 2131 cum
1345 2082 1627 2131 imbellibus
1651 2085 1837 2132 vivere.

423 2144 618 2193 LEUC:
707 2146 833 2208 Quis
861 2142 985 2209 ergo
1017 2158 1108 2195 tuo
1140 2148 1192 2194 in
1220 2145 1378 2195 Coelo
1399 2147 1619 2210 Jupiter?
1654 2160 1763 2208 quae
1790 2142 2052 2194 tibiPhilo-

296 2204 495 2271 sophica
508 2205 801 2268 Diphthera,
815 2221 868 2255 ut
880 2207 1221 2272 Astrosophiae
1236 2211 1478 2274 Principia
1499 2210 1714 2258 evertas?
1748 2209 1878 2271 Age,
1891 2208 1942 2254 in
1953 2205 2049 2256 hae

298 2284 506 2333 quoque
535 2266 817 2319 scholastica
849 2271 932 2318 lite
952 2272 1211 2321 Achillem
1242 2289 1440 2337 prome,
1464 2275 1598 2329 cujus
1633 2268 1866 2336 exemplo
1894 2270 2049 2318 robo-

297 2345 428 2382 ratus
462 2330 790 2396 Philosophus
815 2365 828 2386 ‚
877 2334 1158 2383 confundat
1191 2349 1501 2400 nugatorum
1534 2336 1791 2385 imbellem
1825 2332 2042 2382 turbam.

297 2398 453 2444 MEL:
520 2394 654 2446 Vide
677 2409 830 2457 quem
854 2395 941 2443 tibi
963 2397 1225 2446 Atlantem
1251 2399 1478 2449 exhibeat
1509 2398 1609 2448 hoc
1634 2396 2043 2445 emblematicum

298 2459 523 2512 schema3
568 2458 865 2509 Severinum
895 2458 1133 2510 Boetium
1165 2463 1349 2511 cernis:
1395 2460 1489 2527 pr&
1519 2471 1762 2523 quantum
1782 2459 1833 2506 in
1851 2459 2045 2523 Peripa-

300 2535 359 2576 to
377 2522 546 2583 Sidus,
564 2521 629 2577 ad
649 2520 785 2582 cujus
801 2519 1005 2579 illustres
1026 2524 1208 2582 radios,
1230 2527 1430 2580 Graeciae
1450 2526 1657 2580 lumina,
1680 2521 2042 2640 velutSrriinora

1843 2603 1859 2637 ι
1898 2600 1980 2637 era
