2175 2911
380 135 473 180 240
859 118 1259 184 Technophylacium
1287 123 1520 184 Phjficum.

314 216 617 282 applicando
649 213 806 266 activa
826 214 1015 281 passivis
1039 250 1051 272 ,
1088 217 1142 266 ut
1177 217 1359 282 phrasis
1388 218 1540 267 habet
1567 215 1854 268 scholastica
1875 251 1890 273 ,
1925 230 2055 269 extra

318 294 521 331 uterum
551 295 789 343 generare
820 282 1038 330 viventia
1066 298 1076 329 :
1114 281 1178 330 sic
1209 297 1267 330 ex
1301 282 1607 344 putrescente
1640 284 1844 330 materia
1875 283 2059 346 produ-

317 347 385 394 cit
405 343 679 393 lumbricos
694 377 707 398 ,
729 358 786 392 ex
808 343 916 392 luto
935 359 1098 396 ranas,
1128 360 1185 393 ex
1208 357 1335 394 terra
1358 345 1560 394 Niliacis
1579 345 1724 394 undis
1742 342 1935 409 irrigata
1954 360 2062 392 mu-
2159 358 2162 377 ·

318 423 410 460 res,
428 420 640 456 canente
654 407 848 457 Ovidio
865 424 875 454 τ
945 409 1103 454 Eodem
1123 420 1293 468 corpore
1303 409 1405 468 saepe
1422 409 1561 454 altera
1579 420 1680 468 pars
1700 412 1819 454 vivit
1835 441 1847 462 ,
1870 410 1987 455 rudis
2009 405 2061 460 est
2159 406 2162 446 1

312 483 417 533 pars
431 472 570 518 altera
592 471 743 518 Tellus.
813 467 981 519 Potest
998 486 1231 535 generare
1253 488 1310 521 ex
1332 470 1522 519 asinino
1543 469 1758 529 stercore
1779 471 2061 524 scarabaeos,
2157 479 2161 501 ¹

320 535 525 598 dignam
557 530 717 583 isthoc
746 535 955 583 Parente
981 535 1237 585 sobolem:
1275 551 1332 583 ex
1354 533 1507 583 herba
1526 533 1726 583 Basilica
1752 534 2064 598 scorpiones,
2157 575 2160 607 4

319 613 378 646 ex
402 598 633 646 elixatura
653 599 806 646 anatis
826 597 1042 647 bufones
1065 632 1078 653 ,
1104 615 1161 646 ex
1189 600 1327 660 cquis
1347 598 1540 675 vespas,
1561 612 1617 645 ex
1647 598 1793 646 mulis
1816 597 1988 650 fucos,
2007 611 2065 645 ex
2155 610 2159 689 1

317 661 531 710 cerebro
550 661 747 712 bovino
771 676 911 726 apes,
934 659 1053 711 teste
1076 663 1314 726 Virgilio:
1360 677 1522 726 quoque
1547 661 1749 712 delec‘i‘os,
1774 660 1979 706 mactatos
1998 657 2067 705 ob-
2154 691 2158 747 1

317 741 396 771 rue
420 738 566 771 tauros
602 724 622 781 (
645 727 811 785 cognita
831 741 898 772 res
923 724 1033 783 usit)
1067 727 1116 771 de
1130 728 1252 786 putri
1274 725 1431 782 viscere
1448 724 1593 785 paffim
1612 722 1818 783 florigerae
1847 723 2070 780 nascuntur

317 790 452 848 Apes.
521 784 690 837 Potest
713 803 771 836 ex
788 787 942 838 furnis
956 789 1189 853 AEgyptijs
1206 792 1426 852 integros
1451 789 1662 837 educere
1689 787 1947 851 pullorum
1966 800 2070 848 gre-

320 866 429 915 ges:
468 849 633 916 potest
652 867 709 900 ex
730 852 869 916 ligno
890 867 1151 916 procreare
1182 868 1401 901 vermes:
1440 852 1503 900 sic
1522 852 1670 901 maris
1690 850 1915 898 fluetibus
1942 849 2072 896 dela·
2152 862 2156 912 3

71 938 236 989 Heaor
319 927 426 963 tam
448 913 662 963 afferunt
681 916 874 964 trabem
892 919 944 964 in
965 915 1363 978 Buthquaniam,
1395 930 1492 977 qua
1514 930 1599 978 per
1613 915 1793 961 serram
1817 909 2072 964 divisibili·
2151 913 2154 1002 1

72 1002 211 1052 Boeth
244 1001 288 1045 in
319 991 441 1041 gens
470 979 725 1025 vermium
759 993 943 1038 agmen
978 980 1292 1039 proruperit,
1325 993 1547 1037 quorum
1576 976 1652 1030 alii
1678 976 1851 1026 rudes,
1879 975 1955 1030 alii
1988 974 2071 1021 au·-
2151 1004 2154 1026 1

70 1064 151 1120 ’,ῃ
172 1036 228 1111 5'
248 1074 267 1108 t
320 1038 626 1100 quantulum
647 1037 879 1082 formati:
916 1036 1026 1083 imo
1051 1040 1101 1084 ὃς
1124 1048 1387 1098 eruperant
1406 1033 1769 1097 aves,equibus
1790 1037 1891 1084 aliae
1908 1036 2072 1084 adhuc
2150 1069 2152 1074 .

74 1084 121 1179 l}
148 1102 167 1175 Ι·
201 1081 282 1171 ⁶⁰0'
319 1100 614 1164 implumes,
639 1098 741 1146 aliae
772 1097 951 1162 plumis
971 1093 1230 1148 instructae.
1332 1095 1501 1146 Potest
1533 1097 1749 1160 denique
1776 1112 1834 1145 ex
1856 1102 1988 1147 varia
2008 1097 2074 1146 se·
2148 1100 2152 1144 l

126 1166 137 1177 ⁶
174 1140 233 1186 49
273 1161 284 1172 ⁰
318 1165 521 1212 minum
542 1162 877 1227 permixtione
898 1161 1122 1224 proferre
1146 1160 1348 1214 fruetus,
1370 1164 1418 1210 ὃς
1439 1161 1640 1209 arbores
1663 1161 1858 1225 prorsus
1880 1161 2077 1210 mirabi-

323 1228 417 1280 les,
442 1229 491 1274 &
525 1224 823 1289 paradoxas:
861 1222 989 1272 sicin
1006 1225 1156 1273 Creta
1191 1224 1381 1278 ferunt,
1402 1239 1711 1286 quocunque
1742 1225 1863 1274 loco
1891 1236 2075 1272 terram

321 1303 532 1341 moves,
555 1289 689 1352 gigni
711 1285 1034 1352 Cupressum:
1070 1289 1119 1336 in
1141 1287 1338 1337 Rhodo
1368 1287 1687 1352 Aspalatum,
1732 1291 1783 1336 in
1800 1287 2078 1351 Babylonia
2151 1283 2167 1375 1

321 1353 551 1403 Palmam
573 1384 586 1404 ,
631 1352 682 1398 in
702 1349 1010 1400 Macedonia
1031 1351 1418 1406 Petroselinum,
1454 1353 1504 1398 in
1524 1350 1988 1403 LibanoCedrum,
2023 1351 2076 1398 in
2144 1356 2166 1413 {l

258 1459 262 1462 Α
321 1417 495 1468 Ponto
517 1413 886 1478 Absynthium,
922 1413 1137 1464 Athenis
1164 1415 1366 1463 Oleam.
1437 1415 1565 1479 Quae
1587 1416 1779 1469 omnia,
1798 1413 1916 1463 cum
1939 1414 2076 1463 Artis
2143 1408 2166 1481 1

324 1475 559 1542 ingenio,
581 1491 730 1539 atque
757 1474 994 1526 industria
1027 1475 1155 1526 effici
1191 1478 1416 1531 valeant,
1442 1492 1550 1526 non
1576 1477 1756 1531 video,
1781 1494 1868 1526 cur
1894 1491 2075 1526 aurum
2143 1499 2164 1533 f,

324 1542 518 1606 superet
541 1537 885 1605 Magisterium
909 1540 1063 1590 Artis.
1129 1542 1232 1590 Erit
1263 1540 1435 1589 saltem
1467 1541 1750 1590 Intellecffius
1769 1540 2073 1606 Angelicus,
2140 1536 2163 1604 j}

327 1620 483 1668 quem
503 1604 761 1655 Alchimia
779 1604 930 1652 latere
954 1616 1194 1666 nequeat,
1219 1616 1273 1652 ut
1300 1602 1429 1653 adeo
1452 1603 1733 1660 necfbrma,
1755 1620 1848 1652 nec
1873 1608 2073 1654 materia,
2107 1618 2109 1620 ’
2141 1619 2161 1662 5.

326 1668 533 1732 necipse
545 1668 744 1728 operandi
765 1667 908 1713 modus
921 1665 1334 1731 thavmaturgum
1350 1668 1576 1718 videatur
1597 1670 1788 1732 exigere
1814 1667 2078 1717 brachium
2139 1663 2161 1723 ξι·

330 1732 731 1795 omnipotentis.
2139 1739 2142 1795 ξ
2157 1764 2159 1782 1

455 1796 652 1846 LEUC:
722 1789 795 1843 Ni
818 1808 902 1842 me
926 1792 1127 1850 fallunt,
1154 1810 1263 1859 quae
1277 1791 1410 1846 hisce
1444 1796 1641 1846 auribus
1662 1812 1771 1846 non
1796 1793 1910 1847 raro
1941 1795 2076 1846 hausi
2138 1798 2159 1861 11

330 1862 383 1909 in
413 1858 613 1908 eruditis
645 1857 943 1921 Sophorum
970 1860 1160 1908 circulis
1175 1893 1187 1914 ,
1203 1858 1342 1908 fuere
1361 1876 1468 1910 non
1490 1862 1661 1924 pauci,
1682 1864 1768 1923 qui
1790 1877 1969 1909 aurum
1990 1858 2076 1910 ase

269 1979 277 1983 χ
334 1924 411 1973 vel
438 1923 537 1979 aliis
559 1921 851 1970 confectum
869 1954 880 1974 ,
906 1920 1004 1970 fide
1027 1921 1859 1986 authentica,contestantur,quos
1879 1939 2078 1979 omnes,

331 1990 383 2037 ὃ(
405 1985 622 2050 singulos
646 1985 726 2034 vel
749 1985 927 2034 erroris
940 1985 1214 2036 velfraudis
1238 2002 1442 2050 arguere
1462 2019 1475 2040 ,
1511 2002 1586 2035 res
1607 1986 1739 2036 foret
1752 1988 1897 2052 plena
1914 1989 2081 2037 incau-

332 2063 390 2098 tae
402 2049 616 2098 nimium
635 2049 938 2097 temeritatis.
965 2049 1119 2097 MEL:
1135 2047 1382 2114 Apposite
1405 2051 1761 2113 loqueris,quia
1771 2050 1833 2099 ad
1847 2051 2079 2115 scopum:

333 2109 403 2160 est
432 2112 535 2161 haec
555 2112 653 2176 ipsa
671 2111 968 2161 Authoritas
983 2145 995 2166 ,
1021 2127 1130 2175 quae
1147 2114 1202 2163 in
1223 2129 1335 2163 mea
1368 2129 1452 2163 me
1473 2113 1639 2162 firmat
1671 2115 1939 2162 certiorem
1962 2115 2079 2163 Sen-

330 2172 502 2224 tentia.
569 2175 753 2225 Nolim
773 2172 856 2223 hic
876 2173 1049 2224 afferre
1069 2178 1120 2224 in
1143 2176 1369 2226 medium
1382 2177 1587 2227 Aurum
1607 2177 1843 2241 Caligulae
1866 2193 1925 2225 ex
1936 2177 2076 2226 Arse-

333 2240 452 2287 nico
466 2237 758 2287 confestum
772 2254 785 2290 3
798 2238 1355 2290 ArnoldiVillanovani
1374 2255 1541 2290 aureas
1561 2241 1808 2304 Virgulas,
1825 2242 2077 2304 Raymun-

335 2302 386 2350 di
405 2301 534 2350 Lulli
553 2300 681 2348 rosas
702 2333 715 2353 ,
746 2303 796 2350 ὅ(
827 2317 1071 2351 nummos
1086 2303 1214 2353 Auri
1244 2307 1378 2368 puri,
1406 2307 1455 2354 ὃς
1479 2304 1699 2368 Obryzi,
1720 2305 1958 2353 Hetruriae
1983 2301 2076 2349 cla-

337 2380 464 2412 vum
484 2361 649 2411 media
671 2375 806 2426 parte
825 2365 1042 2413 ferreum
1058 2401 1069 2416 ‚
1091 2369 1140 2415 &
1162 2365 1329 2415 media
1353 2383 1588 2419 aureum,
1611 2368 1839 2431 Gregorii
1853 2364 2074 2415 Friderici

339 2427 577 2477 Electoris
592 2427 886 2486 Moguntini
911 2441 1079 2476 novos
1107 2444 1284 2478 aureos
1308 2462 1320 2484 ,
1344 2431 1523 2492 quibus
1545 2433 1766 2495 puriores
1793 2428 1876 2493 ipsi
1899 2442 2075 2476 mone-

336 2502 502 2539 tarum
521 2488 739 2539 Praefeffi
768 2486 813 2535 se
842 2504 1102 2552 nunquam
1129 2491 1296 2540 vidiss'e
1329 2491 1673 2542 affirmarunt.-
1709 2492 1788 2541 sed
1819 2491 1939 2540 illud
1966 2492 2075 2538 reti-

334 2552 555 2604 cendum
578 2548 797 2631 non‘est,
827 2552 967 2614 quod
990 2554 1270 2606 Germania:
1290 2556 1643 2621 Ephemerides
1663 2554 1899 2606 Medicou
1913 2552 2076 2647 Pii-{si-

1870 2631 1924 2664 CC
1947 2632 2007 2663 ser

2126 2520 2134 2567 l

2124 2569 2134 2639 l

2123 2641 2136 2746 f⁴
