2175 2911
428 134 517 178 142
982 119 1218 168 Academia
1249 121 1498 167 Brutorum.

781 231 953 294 Qifiw
977 232 1146 293 filontio
1163 232 1277 292 facit
1298 232 1494 288 disertum
1521 229 1691 280 Orbem.

852 299 1024 343 Mirare
1049 297 1156 343 hunc
1177 299 1373 345 Bovem
1402 307 1631 345 mutum:

658 362 796 422 ,Qem
817 363 860 405 in
884 358 1077 412 coelestcm
1103 362 1333 406 Zodiacam
1366 361 1582 418 Sapientia
1603 356 1835 412 transtulit.

835 425 964 470 Nam
989 423 1074 481 ejm
1095 424 1257 483 ρεὶῗονὶ
1280 421 1417 480 affixit
1443 421 1662 476 Phoebum,

921 488 984 532 Ut
996 486 1126 542 sciret
1147 485 1412 546 imposterum
1434 484 1573 536 Orbis,

793 548 1031 604 Sofflitt'um
1054 548 1352 607 observandum
1373 546 1445 606 effe
1468 551 1512 593 in
1533 546 1690 596 Tauro.

1176 611 1338 659 Verbo:

758 677 933 723 Mirare
954 677 1060 722 hunc
1088 677 1295 722 hominem
1309 711 1321 726 ,
1348 677 1450 738 quia
1469 675 1723 734 Angelicum
1738 692 1752 721 ε

790 739 914 798 Cujus
933 739 1166 798 Theologiae
1183 744 1352 784 Summa
1365 771 1376 792 ‚
1398 754 1523 800 quam
1536 738 1715 798 scripsit,

818 801 892 855 l‘st
915 803 1184 863 Philtfhphiae
1206 807 1398 852 Summa,
1425 818 1550 864 quam
1574 804 1710 849 vixit.

1134 868 1254 924 Cujus
1274 866 1376 911 Vita

888 933 944 978 In
971 940 1141 990 corpore
1155 928 1282 987 supra
1305 926 1531 974 Naturam
1546 945 1562 973 .-

1061 991 1184 1047 Cujuo·
1212 993 1468 1036 Dominium

808 1079 819 1090 ·
837 1056 975 1101 Unius
996 1055 1039 1096 in
1044 1052 1229 1107 Jblidum
1249 1085 1259 1099 ‚
1279 1053 1380 1110 quia
1399 1053 1444 1093 in
1458 1051 1501 1103 fe
1528 1050 1684 1109 ipficm:

996 1113 1119 1170 (Ἰήιος
1143 1112 1341 1168 Domz'm'j
1364 1109 1534 1168 ftuft'us

941 1173 1013 1228 Est
1047 1173 1375 1233 Concupzfientza
1400 1175 1588 1220 domita.-

988 1238 1112 1295 Cujus
1139 1237 1337 1295 Dominij
1361 1237 1530 1289 Gloria,

1000 1301 1073 1354 Est
1085 1300 1156 1357 fitz*
1170 1299 1294 1359 ipsius
1312 1300 1529 1346 Victoria.-

927 1362 1021 1413 Abi
1042 1363 1315 1421 Philosophe,
1328 1363 1401 1419 sed
1421 1366 1487 1409 ita
1514 1363 1602 1415 aln‘,

713 1429 785 1481 Ut
806 1424 917 1492 post
940 1425 1364 1490 concupiscentias
1389 1439 1494 1474 tuas
1516 1442 1622 1475 non
1647 1426 1810 1483 abeas,

804 1491 904 1540 Sed
928 1491 954 1541 ‘a
978 1490 1238 1540 voluntate
1261 1487 1464 1553 pessima
1484 1494 1730 1543 avertaris,

1053 1554 1116 1603 Et
1135 1554 1461 1602 convertaris,

507 1668 705 1719 LEUC:
774 1668 1030 1731 Cuperem
1061 1681 1182 1731 ego,
1214 1679 1268 1716 ut
1290 1665 1420 1716 hane
1447 1667 1637 1717 Aulam
1666 1667 1969 1732 Angelicam
1999 1684 2128 1719 non-

381 1732 507 1783 nulli
536 1730 561 1782 ὲ
583 1732 891 1796 Philosophis
921 1729 1293 1796 perlustrarent:
1331 1731 1453 1794 quid
1472 1734 1638 1796 putas,
1667 1732 1756 1779 illis
1792 1731 1976 1781 diceret
1999 1733 2127 1797 Apis

384 1797 658 1861 Angeliea?
727 1797 879 1841 MEL:
950 1797 1034 1844 Ne
1054 1794 1244 1849 dubita,
1265 1795 1500 1843 aculeum
1522 1794 1716 1859 figeret:
1752 1794 1956 1850 diceret,
1978 1797 2129 1845 Bruta

383 1864 577 1910 ratione
609 1860 851 1911 carentia,
869 1856 933 1906 sie
952 1860 1134 1907 rationi
1154 1861 1349 1921 operari
1371 1858 1734 1912 conformiter,
1761 1871 1815 1906 ut
1839 1858 2131 1922 Philosophi
2173 1913 2175 1919 .

385 1923 406 1980 (
427 1925 491 1972 sat
509 1920 719 1987 graves)
753 1923 1003 1969 rationem
1028 1922 1118 1970 illis
1144 1922 1360 1970 tribuere
1382 1917 1591 1969 minime
1613 1918 1909 1970 dubitarint:
1945 1925 1996 1971 ὃ(
2017 1922 2129 1971 Phi·
2173 1944 2175 1980 3

384 1987 641 2052 losophos‚
660 1985 726 2033 sat
747 1984 953 2038 multos,
975 1986 1169 2033 ratione
1190 1984 1420 2050 praeditos
1442 1983 1506 2032 fic
1527 1987 1709 2034 rationi
1735 1988 1930 2049 operari
1956 1983 2127 2034 diffor-
2172 1984 2175 2013 ²

387 2052 532 2097 miter
552 2082 564 2103 ,
598 2061 650 2098 ut
669 2050 820 2098 Bruta
839 2048 1015 2095 omnia
1042 2049 1294 2096 rationem
1321 2049 1412 2095 illis
1432 2063 1614 2111 negare
1640 2064 1749 2096 non
1772 2047 2123 2097 formidarent.
2170 2017 2175 2096 l

386 2111 487 2162 Pro
505 2112 693 2175 pudor!
732 2111 1056 2164 exclamaret,
1072 2111 1307 2159 animalia
1322 2144 1334 2165 ‚
1352 2110 1384 2159 si
1404 2113 1624 2175 possent,
1648 2112 1861 2162 Coelum
1883 2123 2126 2177 raperent,

385 2175 506 2225 cum
528 2174 685 2236 Sophi
717 2175 1009 2224 volutentur
1037 2177 1088 2224 in
1122 2189 1298 2227 carne,
1321 2176 1372 2224 ὅ(
1398 2176 1647 2239 sanguine.
1746 2175 1952 2224 Diceret
1968 2175 2127 2223 Brutis

387 2233 598 2287 minime
611 2235 1410 2290 brutiszlustrateAeademias‚fors
1422 2238 1840 2303 reperietElephas
1852 2237 2126 2287 nonnullos

386 2299 718 2363 Philosophos
733 2333 744 2353 ‚
765 2302 941 2362 quibus
963 2304 1256 2364 neutiquam
1278 2301 1554 2350 Prudentiae
1574 2301 1722 2350 salem
1744 2302 1983 2351 invideat:
2020 2298 2126 2348 fors

387 2379 563 2413 amaro
582 2363 779 2411 hinnitu
801 2366 884 2411 uni
905 2364 982 2412 vel
1001 2364 1139 2412 alteri
1158 2363 1478 2427 exprobraret
1490 2364 1822 2430 Bucephalus:
1858 2363 2010 2411 Ecce!
2033 2374 2127 2410 tra-

389 2428 559 2477 beatus
581 2422 664 2474 iste
685 2427 736 2473 in
755 2425 982 2490 Peripato
1001 2426 1192 2476 Adami
1209 2430 1489 2492 Pronepos,
1498 2427 1641 2486 fac'ius
1658 2429 1779 2475 velut
1798 2440 1900 2471 unus
1921 2441 1973 2471 ex
1992 2424 2121 2473 nobis.

145 2494 190 2543 C.
208 2504 226 2538 1
241 2505 281 2541 1.
306 2489 360 2541 ἔθ’
392 2493 513 2542 Haec
536 2489 719 2537 diceret
740 2487 865 2551 Apis
886 2489 1145 2554 Angeliea.
1245 2493 1355 2554 Ego
1380 2492 1441 2540 ab
1469 2491 1597 2541 Isaiae
1614 2489 1838 2540 Oraculo
1866 2503 1972 2536 non
1993 2489 2130 2553 peni·
2164 2515 2170 2537 .-

150 2570 223 2618 35·

390 2555 469 2607 tus
501 2563 816 2618 exemptum,
841 2565 981 2606 reor,
1009 2554 1292 2621 Peripatum
1312 2586 1326 2609 ‚
1364 2569 1469 2620 quo
1497 2554 1730 2606 homines
1756 2551 1826 2602 ob
1853 2554 1983 2604 varia
2011 2552 2129 2601 vitia
2163 2563 2175 2605 l

1926 2629 2063 2666 nune
2164 2624 2166 2631 ’
