2242 2911
417 120 476 156 10
920 106 1195 168 Mausblaeum
1229 103 1589 170 Peripateticum.

351 200 647 254 Philolatun
679 200 731 253 ὅ(
756 200 988 252 Euritum
1009 236 1023 257 ,
1052 203 1104 251 in
1135 215 1375 268 magnam
1404 203 1653 252 Graeeiam
1683 198 1969 252 contendit:
2007 215 2128 252 nee-

355 265 483 313 dum
512 265 666 319 satur,
691 263 1144 331 Gymnosophistas
1177 268 1230 314 in
1265 267 1450 314 ultimis
1474 266 1622 322 Indijvs
1654 263 2010 331 investigass‘et,
2037 265 2130 314 nist

355 328 533 393 Sagara
557 328 740 381 Pallas,
764 342 996 394 togatum
1024 330 1279 380 Clientem
1295 361 1310 382 ,
1332 325 1501 378 stristis
1521 331 1671 377 etiam
1689 332 1869 383 armis,
1897 326 2133 377 inhibuis-

356 391 446 440 set:
485 391 601 440 hine
629 393 680 440 in
701 393 974 457 AEoyptum
997 391 1155 444 flexit,
1194 393 1279 441 ubi
1299 392 1448 440 sacras
1467 394 1738 457 Scripturas
1761 391 1975 442 didicisse
1999 387 2130 439 testis

166 451 289 496 stro-
360 452 429 503 est
448 455 689 504 Clemens
710 431 1078 505 Afexandrinus
1095 489 1106 508 ,
1132 455 1158 504 a
1189 455 1367 518 quibus
1400 468 1597 503 tantum
1623 456 1824 503 luminis
1850 458 1900 506 ὃ(
1930 456 2136 520 Sapien-

162 523 328 560 mam.
360 523 435 568 tiae
457 517 641 571 hausit,
666 531 721 568 ut
741 520 932 583 vul-gari
952 521 1265 583 cognomine
1287 518 1456 567 Moses
1481 517 1868 567 Atheniensium
1888 518 2096 567 audiret.

486 583 684 633 LEUC:
770 580 1020 632 Miremur
1056 583 1131 639 alij
1161 595 1265 630 tam
1303 581 1571 630 sublimem
1611 582 1665 629 in
1700 581 1905 631 ethnico
1948 579 2135 645 Sopho

355 646 654 700 Scientiam,
681 661 781 695 eoo
802 647 1024 694 Scientiae
1047 645 1274 694 demiror
1298 645 1563 695 ardorem:
1605 644 1874 708 repudium
1892 648 2134 694 omnium

359 720 642 758 mereretur
680 684 1027 774 Philosophia,
1053 706 1106 757 ni
1134 708 1383 758 doctorali
1423 707 1644 762 annulo,
1677 706 1764 757 sibi
1803 704 2136 772 desponsasset

358 772 498 821 hunc
518 788 751 837 procum.
852 773 951 821 Sed
980 788 1067 820 cur
1089 772 1271 837 frigent
1293 772 1393 828 jam
1418 773 1684 836 tempora?
1721 787 1784 819 an
1809 769 2135 834 Philosophia

358 838 410 884 in
430 852 573 900 rugas
596 833 716 885 abiit
729 833 1172 898 vetula,aetati'sque
1191 838 1422 884 nativum
1443 834 1655 900 perdidit
1669 834 1940 883 decorem?
1974 836 2135 900 MEL:¹

359 898 506 953 absit,
528 915 637 949 non
657 900 899 965 perdidit,
916 899 997 947 sed
1021 901 1167 947 auxit.
1237 900 1347 949 Alit
1369 902 1419 949 ὃς
1444 895 1614 947 nostra
1633 910 1746 947 aetas
1764 899 2023 948 Platones,
2046 898 2136 959 qui

360 962 453 1011 suis
477 979 584 1011 non
605 961 720 1013 raro
740 966 872 1027 Tym
881 965 962 1011 aeis
982 962 1146 1011 utilius
1166 961 1529 1027 impallescunt.
1596 962 1646 1010 Si
1668 974 1837 1010 tamen
1851 995 1863 1016 ,
1880 960 2025 1024 quod
2042 961 2136 1009 mi-

360 1022 500 1074 nime
519 1025 750 1090 suspicor,
776 1026 862 1075 sub
887 1025 1086 1074 famoso
1106 1038 1281 1090 ponte,
1302 1026 1546 1074 detineret
1566 1024 1814 1088 quosdam
1833 1027 2039 1088 ignaviae
2063 1037 2137 1071 re-

360 1104 543 1140 mora,
570 1104 678 1137 non
699 1088 818 1139 ideo
843 1091 1093 1152 Peripatus
1124 1101 1314 1136 rueret:
1370 1090 1656 1136 contemnit
1689 1088 1939 1143 ejusmodi
1970 1087 2138 1135 caudi-

359 1167 442 1199 ces
462 1150 783 1214 Philosophia
799 1185 812 1204 ‚
834 1153 922 1214 qui
949 1166 1057 1197 non
1082 1150 1166 1198 nisi
1195 1166 1253 1198 ex
1277 1153 1388 1198 otio
1411 1152 1680 1215 pullulant,
1703 1149 2029 1212 crescuntque
2051 1152 2139 1198 Pa-

360 1213 467 1279 pho
484 1247 496 1268 ,
517 1229 624 1262 non
647 1215 827 1262 Pindo.
900 1213 956 1262 Id
977 1226 1147 1261 tamen
1171 1213 1464 1266 fatendum,
1482 1210 1626 1276 quod
1650 1212 1684 1261 fi
1704 1213 2014 1262 rex-ivisteret
2032 1213 2139 1262 Pla-

360 1290 444 1328 to,
464 1279 726 1325 miraretur
741 1309 755 1330 ,
778 1276 1155 1339 Philosophiam
1177 1289 1257 1324 tot
1273 1278 1328 1324 in
1350 1279 1513 1339 regnis
1543 1275 1570 1324 a
1591 1277 1637 1324 se
1660 1276 1938 1339 quaesitam,
1961 1276 2023 1326 ab
2044 1275 2141 1325 his-

360 1355 449 1394 ee,
474 1340 629 1388 tribus
652 1339 774 1404 faepe
803 1337 1014 1403 pastibus
1034 1335 1300 1386 distantem·
1327 1339 1526 1403 negligi.
1627 1340 1859 1403 Stuperet
1888 1339 2138 1404 Pythago-

362 1419 438 1452 ras
453 1436 464 1453 ,
486 1404 640 1454 illam,
667 1418 822 1465 quam
838 1435 850 1455 ,
875 1398 1060 1449 deserta
1083 1400 1246 1451 Patria
1261 1434 1273 1455 ,
1297 1405 1609 1466 peregrinam
1628 1399 1971 1467 investigasset,
1985 1403 2046 1451 ab
2068 1405 2142 1450 in-

364 1466 552 1515 ertibus
574 1463 805 1519 fastidiri,
827 1481 937 1514 non
958 1463 1072 1513 raro
1104 1462 1464 1513 domesticam:
1520 1466 1834 1528 Apollonius
1862 1466 2070 1520 diceret,
2090 1466 2139 1514 se

362 1529 551 1583 Persas,
575 1528 881 1581 Caucasum,
909 1529 1142 1577 Albanos
1160 1561 1176 1582 ,.
1200 1528 1402 1592 Scythas
1418 1561 1430 1581 ,
1457 1530 1750 1601 Meffagetas
1781 1541 2105 1593 pervagatum
2122 1563 2136 1584 ‚

364 1593 574 1641 tandem
601 1591 782 1641 veniss'e
807 1593 870 1641 ad
902 1591 1307 1645 Brachmannos,
1343 1604 1398 1640 nt
1422 1594 1751 1641 Hierarcnam
1781 1597 1833 1642 in
1857 1592 2049 1643 throno
2070 1592 2138 1641 se-

366 1656 573 1704 dentem
594 1671 777 1707 aureo,
812 1658 862 1706 &
886 1656 947 1704 de
971 1656 1167 1704 Tantali
1192 1655 1337 1704 fonte
1365 1668 1655 1720 potantem,
1679 1672 1868 1722 paucos
1905 1659 2033 1704 inter
2066 1655 2136 1704 di-

364 1718 602 1782 scipulos,
635 1718 697 1768 de
727 1731 879 1768 motu
898 1718 1115 1768 siderum
1140 1719 1459 1769 auscultaret:
1511 1719 1628 1768 inde
1690 1735 1741 1768 er
1762 1720 2024 1774 Elamitas,
2047 1720 2136 1770 Ba-

364 1783 629 1845 bylonios,
654 1783 842 1832 Medos
859 1817 870 1836 ‚
895 1781 1145 1846 Assyrio&
1168 1782 1395 1836 Parthos,
1417 1784 1567 1839 Syros
1582 1817 1594 1837 ‚
1618 1784 1653 1833 P
1694 1786 1867 1832 aenices
1882 1816 1894 1838 ,
1915 1783 2137 1838 Arabes,

364 1843 638 1894 Palestinos
660 1847 911 1896 reversum
946 1847 1097 1910 usque
1131 1841 1490 1896 Alexandriam
1511 1880 1524 1901 ,
1562 1847 1775 1896 demum
1806 1845 2060 1911 perrexisse
2084 1848 2137 1895 in

366 1909 705 1973 AEthiopiam,
732 1922 788 1958 ut
822 1906 1271 1974 Gymnosophistas
1311 1910 1534 1961 audiret,
1569 1913 1620 1961 ὃ(
1647 1923 1727 1960 tot
1766 1911 1976 1974 eloquiis
2011 1910 2136 1960 cele-

367 1971 513 2020 brem
542 1974 668 2021 Solis
689 1973 915 2021 mensam
936 1973 1124 2023 videret
1142 1975 1194 2021 in
1217 1973 1421 2022 Sabqu-
1522 1974 1664 2039 Qid
1691 1974 1754 2023 ad
1780 1974 1884 2024 haec
1913 1974 2137 2025 dicerent

367 2033 680 2084 calamistrati
701 2069 714 2089 ,
741 2051 871 2100 quos
895 2039 987 2091 ais,
1025 2035 1215 2101 ephaebi
1243 2035 1436 2102 potius,
1468 2036 1624 2100 quam
1643 2037 1830 2103 Sophi?
1885 2037 2137 2091 dicerent,

369 2100 422 2164 ijn
448 2100 621 2162 Lyceis
643 2100 720 2148 vel
746 2103 987 2164 gynaeceis
1012 2099 1216 2149 mol-lius
1241 2100 1334 2149 lese
1363 2101 1552 2149 latitare
1582 2117 1702 2151 cum
1734 2100 1936 2150 Achille
1959 2101 2133 2148 mulie-

368 2161 445 2210 bri
465 2162 550 2211 sub
574 2162 773 2217 habitu,
796 2176 880 2211 aut
897 2163 932 2211 fi
958 2166 1141 2213 invitos
1167 2164 1230 2212 ad
1253 2163 1381 2212 bella
1402 2176 1609 2228 cogeret
1635 2165 1814 2219 Pallas,
1836 2165 2068 2228 navigare
2086 2164 2135 2212 se

369 2226 604 2287 quidem,
627 2226 709 2274 sed
738 2226 887 2289 usqne
909 2228 1164 2291 Cyprum,
1193 2227 1277 2276 ubi
1305 2224 1611 2276 dediscerent
1637 2226 1787 2282 foris²
1812 2226 1956 2289 quod
1987 2228 2135 2276 domi

369 2289 540 2338 „obiter
578 2288 866 2337 didicissent.
977 2286 1127 2340 Certe
1161 2290 1248 2339 nisi
1288 2291 1471 2340 melior
1505 2291 1650 2340 turba
1688 2288 1976 2339 sustentaret
2001 2293 2132 2340 Peri-

364 2366 541 2417 patum
561 2387 573 2407 ,
610 2353 837 2417 Stagirita
863 2353 1069 2417 ipsemet
1105 2367 1367 2403 revocaret
1387 2387 1403 2409 ⁷
1432 2351 1829 2404 demon-stratam
1862 2353 1948 2402 sibi
1979 2356 2130 2403 toties

179 2425 210 2470 l.
235 2423 333 2468 Me-
365 2431 624 2477 gnomen,
655 2413 802 2479 quod·
828 2419 1080 2464 mortalium
1109 2420 1250 2480 quivis
1281 2420 1484 2464 Scientias
1505 2429 1678 2479 appetat
1700 2450 1712 2472 ,
1749 2416 1871 2467 cum
1899 2433 2010 2468 non
2041 2415 2133 2468 nifi

173 2486 298 2548 raph.
365 2477 642 2538 stertendo,
667 2480 848 2532 dostos
872 2479 983 2531 fore
1002 2481 1048 2532 se
1067 2480 1285 2547 sperent,
1304 2480 1516 2532 infames
1543 2477 1618 2534 isti
1643 2480 1870 2533 Hesiodi.

1862 2610 2063 2664 LEUC:
