2175 2911
720 117 915 184 Ariadne
934 118 1121 181 Physica.
1644 130 1736 183 159

62 228 112 266 ta
131 228 217 265 me
236 214 569 282 experimenta
589 209 941 276 nonssfugiant,
967 225 1076 274 quae
1094 213 1175 263 vel
1202 213 1342 265 olent
1367 216 1666 268 Theffaliam
1682 249 1695 270 ,
1717 212 1797 265 vel

61 279 304 344 Utopiam
321 281 523 343 sapiunt.
592 275 719 337 Qiis
740 279 874 325 enirn
888 309 902 330 ,
925 275 1012 324 nisi
1030 277 1149 326 levis
1169 293 1426 329 armaturae
1447 279 1795 343 Philosophus,

61 341 206 393 facile
234 342 425 395 credat,
456 337 599 403 quod
617 338 842 389 Struthio
865 339 1058 402 aspec'lu
1085 339 1196 388 solo
1228 342 1402 391 foveat
1429 358 1545 396 ova,
1563 341 1794 392 Testudo
2005 394 2013 403 .
2037 399 2040 403 .

61 410 210 456 etiam
231 406 419 472 pullos,
438 403 607 453 defixis
628 405 680 452 in
699 418 799 452 ova
822 402 1007 455 oculis,
1031 402 1284 452 excludat?
1319 403 1462 468 quod
1480 405 1715 455 homines
1738 403 1794 453 fit
1823 393 1928 466 Del·
1953 393 2039 442 Rtv

59 472 272 534 reperire
297 465 427 516 adeo
439 469 759 531 Lynceos,ut
786 467 935 514 etiam
953 464 1120 514 abdita
1151 465 1238 515 sub
1265 480 1403 517 terrae
1432 468 1694 518 visceribus
1724 469 1794 517 vi·
1821 455 1920 520 ‘hfil-

59 532 231 587 deant,
254 531 413 582 oculis
444 545 689 593 aquarum
714 543 892 582 venas,
920 525 1199 586 duerflsque
1223 532 1502 581 metallicos
1533 531 1791 596 detegant:
1823 520 2034 579 Mag.l.1.

56 593 166 644 imo
187 595 272 644 sub
293 593 602 658 sarcophagis
623 591 710 641 fita
728 591 967 641 cadavera
989 590 1181 655 aspestu
1198 591 1308 641 solo
1328 595 1614 658 explorent?
1650 591 1793 658 quod
1823 602 1859 631 ι’·
1876 596 1898 642 3
1909 599 1974 647 A·
1988 594 2035 642 4-

55 658 118 705 ad
153 657 315 712 Sicarij
345 659 599 705 inimicam
627 654 928 719 praesentiam
957 667 1193 703 cruorem
1222 651 1400 703 stillent
1425 673 1701 721 corporum
1731 658 1794 704 ci-

53 722 288 769 catrices?
324 716 466 780 quod
487 733 575 782 per
591 716 923 780 sympathicos
937 717 1188 782 pulveres,
1211 731 1295 765 aut
1310 734 1564 782 unguenta
1587 721 1794 767 armaria
1828 748 1890 797 TI
1906 765 1949 796 eo
1980 748 2024 799 {20

48 786 101 832 in
129 786 299 844 quavis
340 778 564 828 dist-antia
591 781 750 826 curari
775 779 980 828 vulnera
1015 779 1213 828 valeant
1243 782 1260 827 ἒ
1343 781 1486 843 quod
1526 784 1667 830 Picus
1704 797 1791 846 per
1885 768 1901 796 ⁷
1946 759 1977 810 p

32 845 279 908 herbam,
294 843 523 891 adadtum
542 842 667 890 nido
685 856 907 890 cuneum
928 840 1165 897 extrahat,
1186 841 1398 905 aliaque,
1414 859 1566 905 quam
1580 845 1793 903 AEthiopi-

0 948 2 954 .
53 910 147 953 dem
166 907 452 958 nominant,
472 902 583 952 seris
605 902 831 958 admota,
848 919 973 953 mox
1001 906 1202 956 cunetas
1220 907 1420 971 aperiat,
1437 908 1485 955 ὅ(
1515 905 1790 968 diffringat?

0 1006 2 1018 ,
51 965 194 1030 quod
217 967 433 1028 denique
454 966 694 1015 Albertus
712 966 792 1015 ille
804 968 1021 1031 Magnus
1039 969 1169 1018 duos
1190 970 1391 1026 juvenes
1411 967 1603 1025 viderit,
1616 969 1795 1031 quibus
1823 972 1854 1018 l.
1872 981 1913 1027 3.
1929 971 1979 1015 de

46 1029 454 1096 praetereuntibus
477 1029 562 1078 sita
586 1029 649 1077 ad
672 1029 797 1078 latus
825 1030 1084 1080 dexterum
1105 1029 1246 1086 ostia,
1265 1044 1379 1081 utut
1403 1032 1584 1083 clausa,
1615 1034 1796 1079 virtute
1823 1046 1942 1080 motu

0 1137 3 1146 ,
47 1093 261 1142 mirabili
278 1091 323 1140 se
355 1092 399 1140 se
427 1092 741 1156 aperiebant?
775 1094 825 1139 in
856 1091 930 1140 his
957 1094 1224 1148 omnibus,
1257 1094 1291 1142 fi
1320 1094 1485 1143 minsis
1510 1095 1646 1143 fallat
1671 1094 1791 1141 fides
1824 1097 1999 1146 animal.

0 1166 3 1198 Ι
47 1153 470 1218 liistorica,Magia
489 1150 620 1203 certe
642 1150 668 1203 ὲ
692 1156 899 1203 naturali
920 1157 971 1204 in
987 1157 1208 1220 Stygiam
1229 1157 1564 1220 degenerabit.
1633 1159 1789 1205 MEL:

0 1232 4 1269 i
49 1219 226 1268 Misces
249 1218 486 1280 quadrata
515 1217 767 1270 rotundis,
788 1221 902 1280 quia
933 1234 1050 1267 vera
1081 1219 1233 1274 falsis,
1257 1222 1307 1271 ὅς
1337 1222 1577 1270 naturalia
1606 1220 1788 1285 spui-ijs.

0 1277 4 1332 1
46 1279 411 1343 Philosophum
440 1294 488 1327 te
508 1281 698 1344 proba,
723 1283 773 1329 ὃς
795 1295 851 1327 ex
882 1281 1033 1329 allatis
1061 1282 1200 1346 supra
1220 1284 1381 1332 Princi
1418 1285 1498 1341 ijs,
1517 1285 1657 1334 velut
1675 1284 1789 1346 lapi-

0 1337 5 1400 1
45 1343 107 1391 de
120 1343 284 1406 Lydio
300 1375 311 1395 ,
332 1342 571 1390 discernes
596 1343 870 1404 pretiosum
895 1341 922 1389 a
945 1344 1042 1390 vili.
1113 1348 1226 1394 Nec
1243 1347 1378 1394 Strut
1417 1349 1485 1400 io,
1511 1363 1604 1395 nec
1615 1343 1789 1395 Testu-

0 1403 5 1468 1
44 1406 116 1455 do
138 1422 223 1470 per
250 1405 408 1455 visum
443 1405 712 1452 excludunt
741 1419 866 1457 ova,
889 1420 1006 1452 nam
1039 1408 1090 1453 in
1114 1410 1270 1455 arenis
1299 1409 1381 1456 illa
1414 1409 1677 1472 sepeliunt,
1709 1424 1787 1456 ex-

0 1469 5 1531 1
44 1468 314 1532 coquenda
334 1484 420 1532 per
442 1468 623 1517 telluris
647 1467 860 1520 calores,
882 1482 975 1514 nee
999 1468 1098 1517 alio
1125 1469 1225 1516 fine
1247 1470 1534 1533 adspiciunt,
1558 1469 1710 1532 quam
1734 1482 1789 1518 ut

0 1534 5 1587 ἷ
46 1544 247 1581 arceant
265 1533 510 1580 nocitura.
611 1531 783 1579 Genus
805 1530 926 1579 illud
952 1529 1520 1597 hominum‘perspicax,
1537 1534 1680 1595 quod
1702 1534 1789 1581 Hi-

43 1594 200 1660 spanis
220 1595 397 1643 dicitur
416 1595 623 1645 Zahuris,
644 1606 748 1642 tam
778 1593 1055 1658 pellucidos
1087 1594 1271 1643 habere
1304 1598 1485 1645 oculos
1515 1597 1714 1658 nequit,
1734 1605 1791 1644 ut

41 1669 266 1722 penetret
285 1673 468 1721 opaca:
504 1657 586 1705 secl
606 1671 755 1707 venas
778 1672 916 1719 aquae
941 1657 1179 1723 detegunt
1196 1674 1283 1722 per
1301 1674 1529 1723 vaporeS,
1545 1659 1674 1722 quos
1696 1658 1792 1706 ob·

0 1720 6 1782 ξ
45 1720 237 1770 servant
259 1717 435 1774 mane,
458 1723 507 1769 δε
527 1720 736 1784 vesperi:
775 1719 948 1768 dnstus
971 1722 1250 1772 metallicos
1276 1723 1499 1773 divinant
1519 1739 1576 1771 ex
1604 1721 1787 1773 herbis,

0 1799 7 1845 ξ
43 1783 171 1831 nasci
192 1783 381 1831 ibidem
400 1783 574 1832 solitis:
612 1782 863 1831 thesauros
881 1814 892 1837 ,
910 1796 1061 1846 atque
1090 1786 1332 1836 cadavera
1362 1803 1420 1834 ex
1442 1786 1640 1852 tripode
1668 1784 1789 1833 hau-

0 1854 7 1907 ξ
43 1848 178 1894 riunt
197 1846 543 1910 profundiore,
558 1861 678 1894 nam
696 1846 888 1894 addunt
910 1847 1153 1903 adjunfta,
1175 1850 1352 1912 quibus
1373 1865 1480 1898 non
1499 1846 1661 1914 potest
1676 1862 1787 1897 non

0 1917 7 1969 3
43 1907 138 1956 ess'e
162 1909 429 1965 conjunsta
463 1910 593 1958 fraus
615 1909 798 1973 Stygia.
899 1911 1135 1960 fluorem
1162 1913 1432 1976 sanguinis,
1456 1914 1506 1960 in
1537 1911 1787 1977 praesentia

0 1975 6 2047 ᾗ
40 1971 316 2035 parricidae,
336 1973 558 2035 qualitati
587 1973 896 2037 antipathicae
925 1973 1150 2023 adscribit
1174 1977 1432 2026 Lucretius
1448 2009 1460 2030 ,
1482 1975 1608 2025 dum
1630 1975 1786 2026 canit:

3 2051 6 2086 ¹
260 2062 470 2127 Namque
497 2065 682 2111 homines
696 2067 947 2129 plerumque
967 2069 1119 2114 cadunt
1133 2071 1181 2114 ‘in
1205 2070 1382 2121 vulnus,
1405 2072 1461 2119 (ἴθ’
1487 2071 1605 2116 illam

261 2129 435 2175 Emicat
461 2130 505 2173 in
520 2140 689 2188 partem
707 2129 900 2188 fhngaeis,
923 2131 1029 2175 unde
1050 2134 1204 2178 icimur
1229 2133 1343 2179 isia:

259 2192 322 2238 Et
337 2189 375 2249 si
397 2191 582 2236 comimls
600 2191 677 2245 est,
705 2191 855 2244 hostem
876 2191 1004 2239 ruber
1025 2205 1197 2254 occupat
1223 2197 1389 2243 horror.

0 2269 8 2339 1
40 2284 233 2339 Herbas
252 2286 380 2340 illas,
402 2299 522 2348 quas
544 2282 766 2340 attulisti,
794 2287 1035 2350 pullulare
1067 2304 1124 2337 ex
1147 2289 1310 2338 fundo
1332 2292 1533 2356 Stygio,
1554 2306 1781 2343 ceremo-

0 2351 17 2410 {l
36 2353 131 2402 niae
151 2349 383 2412 probant,
404 2351 584 2412 quibus
607 2349 875 2398 solenniter
886 2352 1225 2401 incantantur:
1260 2353 1395 2403 idem
1417 2356 1654 2413 judicium
1675 2354 1781 2404 esto

0 2413 17 2514 ξι
37 2414 104 2463 de
133 2411 445 2476 sympathico
471 2414 676 2479 pulvere
695 2446 710 2468 ,
744 2412 806 2461 de
835 2412 1223 2478 hoplocrismate
1250 2417 1455 2482 Stygio,
1489 2420 1551 2468 de
1582 2419 1779 2468 Alberti

0 2507 12 2570 ἐ
40 2478 217 2594 ἕειὲἓὶ
244 2476 468 2540 gemellis
493 2510 508 2534 ,
546 2491 676 2540 quos
702 2478 754 2528 in
781 2476 870 2529 suo
897 2478 1128 2530 Zodiaco
1157 2484 1442 2535 numeravit
1471 2479 1776 2550 probabilius

0 2562 9 2597 b
45 2563 48 2566 ’
88 2555 150 2594 UC
191 2553 259 2590 CI.

0 2703 12 2759 {3

0 2770 7 2794 l

0 2795 13 2911 1
