2175 2911
872 106 1070 174 ἓβὲἓῦέ
1106 108 1197 172 264
1229 105 1427 174 {535}ss

285 212 508 272 juvenem
522 242 536 259 ,
559 207 748 254 Natura
770 206 890 252 vires
907 221 986 252 non
997 205 1172 267 superat
1187 237 1201 260 ‚
1220 221 1291 251 nec
1315 217 1484 266 captum
1513 200 1870 263 Philosbphorum.
1940 212 2021 261 47.

284 279 384 323 Sine
400 270 619 318 Miraculo
647 268 781 330 potest
807 271 902 332 quis
931 272 1026 330 rapi
1051 272 1096 315 in
1125 268 1310 327 extasin,
1332 272 1384 316 (θ’
1413 269 1567 314 harere
1600 269 1644 311 in
1681 272 1779 312 aere
1794 265 2014 328 fitspensus.

291 341 370 395 48.
408 335 500 380 Solo
521 334 644 379 odore
668 334 877 379 hominem
894 335 1048 379 vivere
1065 330 1187 393 posse,
1208 330 1261 384 esi
1286 332 1412 378 valde
1428 327 1666 391 probabile.
1734 341 1814 387 49.
1854 329 1944 388 Etfi
1965 345 2030 374 co—

295 401 362 448 lor
382 395 566 456 consistat
599 398 644 441 in
665 396 756 442 luce
778 430 791 446 ‚
839 407 981 441 tamen
1006 395 1252 442 in¹tenebris
1278 396 1421 441 videri
1436 391 1542 454 poffit
1560 426 1573 443 ‚
1609 389 1665 444 eli
1686 393 1864 440 clarum.
1955 403 2028 448 50.

297 467 446 522 Ignem
464 458 573 521 aquei
595 459 762 504 accendi
781 490 794 511 ,
830 459 887 505 Θ
908 462 1068 505 nutriri
1087 457 1197 509 tesiis
1219 457 1273 511 est
1296 458 1575 517 experientia.
1671 467 1744 512 51.
1806 458 1954 502 Etiam
1967 454 2032 510 se·

290 525 428 588 posita
454 525 609 582 Magia
618 521 756 581 stygia
775 521 986 578 thefizuros
1006 523 1196 567 inveniri
1219 519 1327 580 posse
1350 531 1430 580 per
1450 519 1640 577 Corylum
1664 552 1676 569 ‚
1707 517 1930 578 probabile
1959 515 2030 571 esi.

301 601 376 648 52.
416 584 712 642 Ficusfbrtior
726 597 850 630 tauro
866 582 1118 642 ferociente.
1185 586 1255 633 Ex
1280 582 1505 632 Ariadne
1531 580 1750 643 Physica.
1823 593 1895 639 53.
1925 582 2034 627 Non

296 650 408 699 malt?
430 651 475 695 in
491 648 640 702 nostris
661 649 893 709 Principiis
907 652 1201 707 Anaxagoras
1223 650 1399 706 negavit
1419 648 1563 691 nivem
1583 643 1657 703 esse
1676 643 1817 689 albam
1845 678 1858 695 ,
1880 643 2035 700 saltem
2105 687 2115 699 ,

293 728 458 762 omnem
480 745 493 766 ,
529 715 585 760 Θ*
603 711 783 771 semper.
854 712 923 760 Ex
942 712 1158 775 Patergis
1181 713 1230 760 ὃς
1253 707 1707 772 Technophyiacio
1726 706 1866 772 Phys.
1960 719 2033 766 54.

291 776 460 836 Musica
485 792 566 822 non
587 774 686 822 raro
707 776 866 834 optima
885 777 929 820 in
961 777 1093 820 animi
1112 810 1123 824 ,
1173 776 1229 821 (ἐφ
1255 775 1439 833 corporis
1465 767 1620 817 morbis
1648 771 1870 818 medicina.
1961 781 2038 827 55.

295 839 504 898 Musicam
523 855 603 884 non
624 836 723 884 raro
745 839 896 884 utilem
914 835 987 896 effe
1007 837 1279 894 exorcismum
1304 848 1454 881 contra
1476 838 1717 881 Daemonetn
1730 868 1743 883 ,
1780 836 1947 880 ratione
1965 849 2040 879 na-

298 903 434 952 curali
442 901 620 961 probari
625 899 773 959 potest.
849 902 923 956 56.
960 903 1231 957 Negationes
1247 900 1397 944 vident
1409 897 1649 956 Philofhphi
1660 928 1673 947 ‚
1708 897 1766 941 Θ
1784 896 2038 955 utpulcher-

297 968 428 1012 rimas
447 964 730 1006 admirantur.
798 962 870 1003 Ex
885 960 1340 1018 Technophylacio
1354 959 1493 1018 Phys.
1508 962 1559 1004 ὃ(
1570 956 1786 1004 Colosso
1801 954 2038 1011 MvstiCO.

305 1038 380 1083 57.
419 1017 891 1075 Gra-viasurfitm,levia
909 1017 1100 1078 deorfiim'
1116 1034 1125 1063 ε
1141 1033 1197 1065 ex
1211 1017 1416 1070 eodem,
1431 1020 1481 1066 ὃς
1494 1012 1929 1082 OedinPhyfi5‘3.
1948 1026 2043 1068 Da-

297 1101 373 1136 tur
392 1087 436 1131 in
449 1080 623 1143 Physica
642 1081 804 1142 aliquid
821 1081 958 1125 minus
977 1094 1114 1131 majus
1127 1080 1304 1138 majore.
1379 1092 1451 1138 59.
1473 1081 1581 1126 Non
1592 1081 1785 1139 implicat
1809 1081 1943 1136 mulia
1949 1083 2042 1142 fer-

299 1166 374 1198 rea
387 1148 551 1194 volans.
621 1144 698 1189 60.
735 1140 995 1188 Hominibus
1009 1144 1064 1189 &-
1075 1143 1203 1203 pileis
1217 1144 1391 1203 pluere,
1409 1144 1676 1203 paradoxum
1688 1178 1701 1194 ,
1715 1160 1795 1190 non
1807 1157 1951 1192 tamen
1962 1151 2042 1193 mi.

300 1212 508 1261 raculum.
579 1207 631 1252 61
644 1243 656 1254 .
693 1205 938 1265 Astrologiae
954 1208 1162 1265 imperiti,
1178 1207 1311 1265 magis
1324 1205 1512 1252 Veridici
1528 1222 1608 1251 non
1628 1206 1727 1252 raro
1748 1211 1961 1267 Augures,
1976 1214 2039 1272 ip-

291 1277 351 1338 fi5
372 1273 621 1330 Astrologis.
693 1272 771 1320 62.
805 1271 973 1326 Quavis
994 1271 1121 1315 moles
1141 1267 1363 1331 quibusvis
1381 1272 1547 1315 moveri
1565 1267 1734 1315 viribus
1744 1271 1880 1330 potest
1899 1273 1952 1319 ab
1974 1291 2045 1320 ar-

301 1343 358 1389 tis
377 1339 545 1400 peritis.
617 1334 692 1391 63.
729 1336 847 1379 Sicut
863 1334 1074 1386 Natura,
1094 1335 1160 1378 ita
1174 1334 1342 1380 &Ars
1355 1367 1368 1383 ,
1395 1333 1711 1391 Naturaesimia
1729 1335 1867 1392 major
1886 1339 1930 1381 in
1941 1347 2042 1396 par,

296 1407 394 1453 vis,
435 1397 561 1463 quam
586 1399 774 1457 magnis.-
799 1409 947 1458 utraq;
971 1397 1017 1440 in
1028 1397 1216 1441 minimis
1233 1398 1438 1443 maxima.
1511 1397 1587 1455 64.
1627 1394 1855 1449 Aristoteli
1864 1402 2045 1459 pauperi

300 1485 354 1516 ex
381 1461 644 1520 Philosophia
664 1461 725 1506 nil
757 1471 950 1507 remanet
969 1457 1043 1517 nisi
1056 1458 1243 1520 pretiosa
1255 1469 1503 1520 paupertas.
1572 1460 1634 1508 Et
1659 1459 2047 1528 Technophyla.
2125 1496 2139 1532 1

300 1534 386 1582 cio
408 1524 635 1590 Phyfico.

534 1597 1255 1700 AXIOMATA
1313 1604 1816 1705 ETHICA

303 1730 392 1817 E
439 1729 967 1840 Peripatetico
990 1725 1230 1840 nostri
1258 1717 1644 1839 Temporis
1677 1724 2046 1815 extraila.
2142 1805 2146 1809 .

307 1908 350 1944 1.
370 1896 659 2031 QUidquid
678 1897 790 1955 agis,
808 1906 964 1956 praeter
971 1894 1129 1952 salutis
1149 1898 1388 1955 negotium,
1415 1892 1604 1953 amissum
1621 1906 1747 1958 puta.
1819 1909 1864 1943 2.
1886 1897 2060 1942 Melior‘

483 1958 537 2013 est
557 1960 730 2006 humilis
753 1957 942 2013 rusticus,
962 1957 1087 2022 quam
1101 1957 1306 2019 superbus
1319 1959 1605 2018 Philosophus.
1676 1971 1718 2017 3.
1748 1961 1948 2009 scientia,
1964 1974 2050 2021 quae

297 2033 384 2086 prae
395 2036 564 2071 virtute
583 2024 823 2085 despicitur,
839 2034 922 2082 per
944 2023 1158 2080 virtutem
1176 2022 1327 2068 melitis
1347 2033 1640 2081 recuperatur.
1708 2034 1756 2080 4.
1793 2024 1979 2069 scientia
1993 2021 2049 2080 fi-

308 2103 360 2134 ne
378 2090 547 2133 virtute
560 2087 659 2146 plus
685 2098 831 2141 nocet,
851 2084 977 2149 quam
991 2083 1173 2147 prodest.
1242 2086 1313 2134 Ex
1339 2083 1569 2134 Discursu
1602 2099 1643 2132 1.
1667 2086 1839 2148 primae
1867 2086 2049 2140 Partis,

299 2149 373 2208 ¹seu
394 2149 742 2199 Mi'ctocosmi.
816 2161 858 2206 5.
896 2152 998 2196 Duo
1011 2148 1111 2207 funt
1119 2145 1228 2206 fines
1249 2149 1455 2198 hominis,
1480 2148 1639 2203 malus,
1658 2151 1715 2196 ἄν·
1735 2147 1891 2194 bonus:
1926 2151 1970 2195 in
1986 2148 2048 2195 al-

310 2224 478 2259 terutro
496 2224 539 2257 te
558 2210 630 2270 effi:
650 2209 797 2271 necesse
819 2210 889 2266 est.
959 2225 1005 2271 7.
1041 2214 1085 2258 Si
1102 2223 1278 2271 peccare
1299 2215 1369 2258 vis
1383 2247 1396 2264 ‚
1418 2227 1574 2274 quare,
1604 2211 1679 2258 ubi
1707 2224 1752 2257 te
1773 2214 1943 2260 DEUs
1968 2225 2046 2257 non

310 2275 461 2321 videat
476 2306 489 2327 ‚
509 2275 564 2322 (9-
578 2273 676 2332 fac,
697 2277 805 2339 quod
826 2278 910 2322 vis.
981 2290 1027 2334 9.
1061 2276 1174 2332 Qid
1194 2273 1382 2336 prodest,
1395 2275 1431 2333 si
1460 2277 1554 2337 quis
1586 2275 1796 2322 Catholice
1817 2277 1976 2325 credat,
1992 2274 2046 2320 (9'

309 2337 534 2399 gentiliter
559 2341 705 2383 vivat.
767 2341 810 2384 8.
829 2339 984 2384 Totum
1003 2351 1046 2385 te
1065 2340 1223 2397 exigit,
1245 2341 1319 2401 qui
1336 2351 1477 2384 totum
1492 2350 1536 2383 te
1551 2334 1675 2395 fecit.
1739 2339 1808 2387 Ex
1823 2333 2047 2388 Discursu

314 2414 361 2448 2.
388 2401 536 2449 Micr.
565 2398 628 2447 de
641 2399 806 2448 DEO.
877 2402 920 2446 8.
937 2401 1029 2446 Nil
1048 2404 1093 2444 in
1122 2414 1165 2445 te
1187 2404 1331 2459 magni
1344 2412 1499 2460 praeter
1532 2403 1749 2448 animam:
1784 2397 2048 2456 hancserva-

315 2479 378 2514 re,
392 2463 464 2508 vel
484 2463 677 2520 perdere,
702 2460 755 2514 est
774 2463 915 2508 omnia
924 2459 1120 2520 serviisse,
1136 2463 1208 2509 vel
1221 2461 1455 2523 perdidisse.
1517 2478 1589 2512 10.
1608 2466 1721 2523 Qid
1736 2461 1895 2525 prodest
1913 2461 2048 2507 homi·

314 2525 410 2586 nidi
423 2526 634 2573 Mundum
646 2523 887 2584 universum
904 2525 1261 2581 lucretur‚animae
1283 2526 1386 2576 vero
1398 2527 1480 2584 suae
1500 2529 1801 2577 detrimentum
1814 2523 2048 2585 patiatur?

1794 2585 1986 2647 11.Qis

2152 2650 2175 2911 Ξ
