2175 2911
63 454 179 501 Ptin.
195 450 277 509 l.4.

62 533 99 565 c.
117 529 158 574 3.

60 581 224 628 Solinus

63 659 101 691 c·
117 654 190 698 30.

63 704 267 755 Nier.l.8

65 784 101 817 c.
120 770 162 819 8.

81 1810 171 1863 An.
190 1806 295 1866 338,

82 1945 148 1997 A.
163 1938 301 2001 1496.

91 2136 306 2197 A.'1233.

96 2279 304 2332 A.1577·

377 113 394 148 1
405 111 467 158 90
985 93 1164 156 oedipus
1188 96 1398 160 Pbyficm.

307 193 515 258 gemino
534 187 652 240 huie
688 189 894 240 Naturae
921 190 1154 254 prodigio
1182 191 1317 241 addo
1350 192 1551 240 minora
1577 222 1591 245 ,
1617 203 1729 254 quae
1757 200 1926 241 tamen
1951 207 2060 245 non

310 252 476 305 minus
496 252 740 304 curiosam
764 253 831 302 sui
846 265 1019 317 petunt
1041 256 1364 303 memoriam.
1433 254 1607 304 Africa
1627 254 1860 303 homines
1874 257 2061 320 produ-

312 320 379 368 cit
392 317 712 382 Polyphemo
728 332 832 365 non
853 320 1062 381 impares
1083 349 1097 372 ‚
1116 320 1231 380 quia
1246 319 1579 372 Monoeulos,
1599 320 1650 368 ὅ(
1668 319 2064 383 cinocephalos.

313 380 513 445 Scythia
530 381 730 431 Incolas
753 380 836 427 alit
854 412 866 433 ,
891 380 1066 442 quibus
1082 383 1276 429 aurium
1299 380 1592 445 appendices
1618 393 1722 429 tam
1742 382 1953 446 grandes
1972 415 1985 434 ‚
2012 394 2067 431 ut

316 457 488 494 totum
509 459 691 508 corpus
716 443 907 497 velent,
947 459 1002 492 ae
1028 456 1317 507 contegant.
1389 444 1504 492 Imo
1529 444 1801 506 aliquibus,
1825 447 2068 506 quosTu-

316 507 564 557 tanuchos
590 509 859 555 nominant
878 539 892 560 ,
918 519 1021 555 tam
1054 507 1238 556 liberali
1267 503 1384 555 ulnz‘i
1406 507 1661 571 proten-dit
1684 523 1822 556 aures
1844 510 2064 561 Natura,

317 586 371 621 ut
391 574 465 620 sex
486 573 574 619 viri
593 570 676 618 sub
701 570 791 617 illis
807 603 819 624 ‚
856 571 991 620 velut
1014 584 1313 635 tegumento
1336 570 1628 618 commodo
1649 602 1661 623 ,
1693 570 1843 618 latere
1866 569 2064 635 possint.

314 635 414 686 Sed
441 636 491 685 ὅ(
514 633 790 683 Antiochia
812 630 1149 683 Constantino
1172 635 1370 697 Magno
1393 635 1617 682 Faunum
1638 633 1850 686 obtulit,
1874 635 1955 682 seu
1979 634 2072 684 ho-

316 702 508 749 minem
527 693 826 749 silvestrem:
858 699 908 745 in
936 698 1135 759 qualem
1159 695 1532 751 evaliffe,reor‚
1555 697 1802 746 infantem
1816 697 1983 752 illum,
2006 697 2071 747 de

314 777 422 826 quo
446 761 704 811 Cardanns
719 794 730 814 ,
748 761 1034 822 quiinSilva
1047 759 1323 826 depofitus,
1346 758 1659 823 nutritusque
1683 760 1847 808 ferino
1866 760 1988 809 laEte
2003 759 2071 809 fc-

314 841 481 876 rarum
501 824 728 872 indolem
751 824 870 872 suxit
886 856 899 878 ,
920 840 976 872 ae
1000 823 1134 873 hirto
1159 825 1298 873 vultu
1314 857 1326 877 ‚
1351 839 1540 888 ungues
1559 856 1573 875 ‚
1600 827 1649 873 ὅ(
1672 823 1884 872 caudam
1910 824 1973 872 ad
2000 825 2074 872 in-

314 888 408 939 star
427 888 600 938 belluae
626 887 860 951 produxit
883 903 893 934 ε
963 903 1027 935 en
1049 889 1058 936 ἔ
1085 890 1256 950 quanti
1270 887 1449 935 referat
1460 887 1658 934 educari
1679 886 1974 940 interseras,
1993 884 2075 937 vel

314 952 551 1002 homines
570 950 702 998 feros
725 951 734 997 !
772 949 874 1013 Ipsa
889 950 1026 998 India
1039 950 1066 998 a
1079 947 1320 999 Monstris
1333 948 1552 1012 quaefivit
1570 950 1784 1012 gloriam
1799 981 1812 1001 ‚
1829 949 1952 996 dum
1967 953 2074 998 Au-

314 1011 462 1082 gusto
479 1013 681 1063 Caesari,
704 1014 925 1059 muneris
946 1012 1069 1059 loco
1085 1043 1098 1062 ‚
1123 1012 1309 1058 obtulit
1328 1011 1724 1061 adolescentem,
1753 1014 1840 1071 qui
1861 1010 1961 1060 fine
1987 1011 2079 1060 hu-

313 1079 486 1128 meris,
509 1071 837 1132 manibusque
850 1072 990 1120 tubas
1004 1071 1194 1120 inflavit
1209 1103 1221 1123 ,
1235 1072 1423 1134 sagittas
1442 1085 1499 1118 ex
1509 1086 1628 1119 arcu
1642 1070 1854 1120 vibravit
1867 1089 1946 1125 ,ac
1966 1088 2078 1122 om-

321 1144 402 1190 nia
422 1151 668 1188 manuum
689 1133 856 1182 officia
878 1167 892 1186 ‚
924 1133 1131 1198 pedibus
1153 1128 1436 1197 peritiffime
1467 1133 1643 1182 obivit.
1712 1133 1841 1183 Illud
1865 1136 2076 1190 mirum,

323 1201 467 1266 quod
491 1198 815 1259 Antiquitatis
839 1195 1080 1260 figmenta
1101 1198 1306 1246 veritate
1341 1196 1532 1260 superet
1543 1199 1735 1246 Natura
1759 1215 1770 1244 :
1798 1213 1917 1246 nam
1937 1213 2078 1249 anno

327 1267 466 1317 1621,
488 1267 538 1312 in
561 1260 682 1309 urbe
703 1260 989 1322 Aquitaniae
1015 1294 1028 1314 ‚
1069 1275 1223 1324 quam
1255 1260 1429 1323 vulgus
1451 1259 1695 1315 Bajonam
1719 1259 1838 1308 dicit
1857 1293 1871 1315 ‚
1901 1273 2080 1310 natum

325 1328 572 1380 infantem
592 1324 800 1387 legimus
823 1356 836 1377 ,
864 1327 1047 1374 caeteris
1074 1323 1313 1372 membris
1339 1324 1465 1371 bene
1499 1322 1846 1388 compositum
1865 1356 1879 1378 ,
1911 1325 2082 1373 multis
2150 1341 2173 1385 χ

325 1405 498 1442 tamen
524 1388 682 1437 oculis
706 1402 792 1450 per
816 1399 985 1436 totum
1007 1401 1192 1459 corpus
1217 1386 1566 1451 apparentibus
1588 1419 1601 1439 ,
1639 1399 1771 1449 quot
1798 1402 1891 1435 nec
1910 1387 2079 1451 Argus

326 1453 564 1520 praetulit,
587 1465 678 1498 nee
692 1453 829 1499 Pavo
859 1450 1068 1513 explieat
1091 1466 1138 1497 m
1159 1449 1369 1515 syrmate
1392 1449 1621 1513 superbo.
1690 1450 1893 1512 Septem
1917 1465 2079 1500 annos
2149 1465 2172 1505 f

326 1513 499 1583 postea
529 1510 826 1577 Olyffipone
848 1513 1039 1561 editum
1071 1513 1238 1561 ferunt
1270 1513 1538 1561 mirabilius
1570 1512 1734 1561 adhuc
1758 1510 2043 1562 monstrum
2063 1546 2080 1569 ,
2154 1541 2171 1571 .·

327 1594 510 1643 nempe
529 1580 706 1625 armati
726 1575 1099 1624 iimilitudinem
1120 1575 1336 1624 referens
1358 1593 1368 1623 x
1408 1578 1550 1625 variae
1574 1579 1711 1624 enim
1734 1579 1971 1629 earnis‚&
1998 1592 2080 1625 cu-
2147 1582 2171 1619 α’

327 1645 387 1691 tis
408 1639 721 1707 appendices,
742 1655 798 1687 ac
815 1638 980 1703 figurae
1003 1640 1265 1689 militarem
1285 1643 1336 1689 in
1364 1640 1552 1688 infante
1574 1639 1803 1689 habitum
1827 1640 2082 1703 repraesen-

328 1703 519 1756 taram,
543 1715 595 1752 ut
616 1717 781 1765 neque
804 1718 984 1756 ocreae,
1007 1718 1170 1764 neque
1190 1704 1327 1766 galea
1352 1703 1721 1753 desideraretur.
1822 1703 1952 1752 Illud
1971 1718 2082 1753 non

331 1766 690 1820 omittendum,
706 1765 951 1822 ejusmodi
972 1766 1175 1816 abortus
1198 1783 1304 1816 non
1325 1767 1439 1817 raro
1459 1770 1538 1815 irae
1552 1768 1749 1815 Divinae
1764 1768 2079 1830 interpretes,

335 1837 384 1884 ὅ(
406 1832 747 1882 calamitatum
769 1828 864 1877 effe
887 1830 1197 1894 prodromos
1217 1831 1427 1878 feciales.
1495 1829 1749 1880 Sicinfans
1767 1829 1952 1894 duplici
1971 1844 2079 1885 ore,
2145 1836 2156 1874 ,.·

337 1910 553 1961 quatuor
573 1893 759 1944 oculis,
787 1891 1039 1956 geminata
1062 1893 1288 1941 dentium
1318 1895 1463 1945 serie,
1496 1893 1832 1942 Antiochenae
1855 1892 2079 1942 Ecclefiae
2144 1943 2145 1946 ,

337 1959 613 2010 schismata:
649 1955 782 2003 aliud
802 1952 1086 2004 monstrum
1106 1955 1167 2003 ad
1181 1958 1422 2021 Tyberim
1443 1955 1803 2020 deprehensum
1818 1989 1830 2010 ‚
1853 1955 2083 2005 humano

338 2037 579 2087 corpore,
600 2021 758 2083 capite
787 2017 1006 2073 asinino,
1038 2019 1295 2073 manibus,
1316 2018 1658 2084 pedibusque,
1688 2020 1921 2068 animalia
1950 2022 2081 2068 vatia
2142 2024 2145 2083 J

337 2084 686 2137 referentibus,
707 2084 1038 2132 Novatorum
1068 2079 1223 2131 nostri
1251 2085 1488 2148 temporis
1512 2081 1711 2132 haereses
1738 2082 2081 2148 praefiguravit.

339 2150 418 2200 Sic
443 2148 657 2209 denique
679 2149 730 2195 in
750 2147 903 2210 Epiro
927 2162 1048 2210 puer
1066 2146 1248 2209 duplici
1273 2162 1506 2211 corpore,
1526 2162 1632 2195 uno
1651 2145 1900 2200 humano,
1924 2146 2084 2197 altero
2142 2166 2144 2184 ἑ

343 2213 526 2262 canino
548 2209 773 2257 Albaniae
793 2209 982 2262 clades;
1019 2209 1082 2258 sic
1103 2210 1235 2258 aliud
1257 2222 1549 2274 portentum
1575 2209 1639 2259 ad
1659 2210 1878 2265 Danubii
1905 2213 2081 2274 ripam,
2140 2214 2143 2273 ζ

343 2289 500 2341 prope
519 2271 712 2321 Budam
726 2304 738 2322 ,
757 2271 881 2318 facie
901 2272 1193 2324 hominem,
1213 2274 1410 2322 auribus
1435 2274 1684 2327 arcadem,
1705 2274 1928 2322 inferiori
1948 2283 2081 2336 parte

341 2352 541 2386 taurum
555 2335 917 2404 repraesentans,
935 2334 1086 2398 paulo
1109 2333 1219 2398 post
1239 2337 1422 2385 secutas
1445 2338 1746 2385 calamitates
1771 2338 1866 2385 toti
1881 2338 2081 2396 Hunga-
2140 2342 2142 2348 ’

344 2403 424 2453 tiae
456 2398 773 2463 praesignavit.
877 2398 957 2445 De
988 2399 1314 2462 Androgynis
1339 2400 1404 2448 nil
1437 2402 1609 2448 attinet
1633 2400 1796 2449 dicere
1815 2431 1830 2453 ‚
1865 2397 1977 2460 quia
2006 2396 2082 2443 lo·
2174 2412 2175 2417 ¹

344 2466 548 2527 quimur
566 2461 861 2527 Juventuti2
908 2460 1036 2512 Illud
1057 2460 1202 2511 scito,
1229 2461 1332 2510 dari
1355 2460 1576 2515 monstra
1593 2498 1605 2515 ‚
1624 2463 1928 2519 sexum‚quae
1952 2458 2081 2506 clau·
2137 2487 2140 2496 ,

344 2528 471 2579 dunt
491 2535 778 2586 utrumque.
809 2523 1068 2580 Eiusmodi
1086 2523 1171 2576 ase
1184 2524 1370 2583 visum,
1397 2526 1905 2588 afferitHieronymus
1925 2522 2081 2592 Mon·
2138 2526 2139 2538 ²

1906 2597 2015 2637 tius,
