2175 2911
451 106 468 138 1
484 107 500 137 ι
512 93 537 140 8
992 88 1226 138 Academia
1257 89 1506 138 Brutorum.

376 182 617 239 afferunt,
644 182 947 249 experientiis
965 185 1108 235 certis
1127 195 1232 234 tam
1258 182 1580 249 ponderosas,
1605 192 1661 233 ut
1678 181 1765 233 nisi
1783 182 1937 234 tribus
1957 185 2124 236 litteris

375 263 593 297 omnem
620 244 876 296 historiam
901 247 1117 311 jugules,
1139 249 1337 311 Tyroni
1365 243 1575 296 minime
1611 246 1900 300 solvendas,
1919 249 2124 299 Vetera-

375 327 447 359 no
472 327 580 360 non
600 310 997 361 contemnendas
1017 307 1307 359 existimem.
1376 310 1532 363 MEL:
1600 304 1895 360 Ponderose
1913 321 1969 358 tu
1991 316 2127 374 equi-

377 374 525 428 dem,
552 373 583 422 fi
604 376 799 439 Superis
828 374 1000 437 placet.
1071 373 1336 436 Agedum,
1357 371 1390 419 fi
1425 383 1589 421 tantus
1619 372 1762 422 fucus
1787 374 2042 421 veritatem
2068 378 2125 425 ti-

376 435 425 485 bi
446 436 675 491 obvelat,
698 436 1078 485 removebimus
1101 437 1307 484 larvam.
1377 436 1434 482 In
1459 436 1688 484 medium
1714 433 1834 484 affer
1865 439 2122 485 rationum

374 513 670 553 momenta,
694 499 1001 553 videbimus,
1024 514 1150 547 num
1172 499 1281 547 suus
1303 496 1423 547 desit
1444 499 1675 564 Peripato
1686 498 1922 553 Theseus,
1947 502 2032 562 qui
2051 500 2122 556 iu·

374 562 512 625 gulet
532 562 667 611 hunc
698 564 1067 612 Minotaurum.

129 624 309 671 Brutor·
502 626 700 676 LEUC:
768 626 818 674 Si
840 626 1009 675 Voces
1030 626 1137 673 sunt
1166 637 1269 673 notae
1298 635 1598 686 conceptuum;
1644 622 1678 673 si
1704 625 1887 674 Sermo
1907 620 1976 672 est
1995 626 2122 671 Men-

126 683 309 749 loquela.
375 690 429 734 tis
455 690 609 734 Frater
621 711 636 742 ;
659 687 693 737 fi
713 689 895 737 Oratio
916 693 1040 734 Soror
1062 690 1379 747 Intelligentiae‚
1405 690 1564 738 Brutis
1585 691 1834 737 rationem
1857 689 2021 742 ineffe,
2042 687 2122 737 vel

124 746 307 801 Aristot.
373 750 470 815 ipsa
493 767 673 801 eorum
696 751 899 814 loquela
920 752 1065 799 faciet
1084 749 1420 801 manifestum.
1466 752 1693 807 Cujusvis
1714 751 1884 814 speciei
1907 765 2074 803 voces,
2096 749 2124 799 a

128 812 273 861 Philo.
374 818 567 864 Natura
597 813 863 869 concessas,
886 813 1115 862 attentius
1139 815 1366 878 explora,
1391 817 1441 864 ὅ(
1462 830 1578 863 cum
1600 831 1642 862 a.
1665 813 1926 862 LaCtantio
1950 812 2120 878 depre-

125 873 328 931 Trzsmeg.
376 877 562 926 hendes
578 911 589 930 ‚
611 877 752 939 quod
776 877 856 925 sua
879 877 1007 925 sensa
1038 880 1085 926 ὅ(
1110 879 1495 925 communicent
1518 879 1761 927 invicem,
1785 880 1833 924 ὃς
1860 891 2012 925 voces
2030 872 2123 925 rite

221 953 247 983 a
376 941 665 989 discernant.
727 941 806 988 Sic
827 941 1021 988 Gallina
1051 942 1262 988 invento
1294 939 1424 1002 piso,
1450 939 1562 988 suos
1581 938 1843 1002 glutiendo
1866 951 2124 987 convocat

126 995 340 1057 L·3-Inst·
374 1006 626 1068 pipiones‚
650 1003 875 1049 clamore
904 1002 1003 1047 alio
1037 1001 1098 1046 ad
1132 999 1327 1062 pastum
1359 1014 1539 1048 evocat
1562 1033 1574 1053 ‚
1608 1003 1706 1048 alio
1741 1013 2013 1064 congregat
2032 1001 2120 1050 sub

124 1080 162 1113 c.
176 1077 253 1109 20.
371 1066 469 1114 alas
486 1097 498 1115 ‚
520 1068 567 1112 ὅ(
590 1063 746 1110 rursus
768 1062 977 1112 diverso,
997 1060 1030 1107 si
1057 1060 1263 1107 advolet
1281 1062 1480 1113 milvus,
1504 1062 1676 1123 fugam
1696 1062 1831 1116 jubet
1852 1061 2118 1125 capessere:

380 1128 444 1176 fic
470 1140 623 1188 agnus
648 1124 785 1170 mille
809 1124 935 1169 inter
949 1136 1073 1170 oves
1096 1121 1334 1169 oberrans
1357 1122 1578 1170 balatum
1597 1124 1778 1171 Matris
1794 1123 2048 1177 discernit,
2070 1128 2123 1176 δε

370 1185 513 1237 anxie
534 1186 771 1247 quaerenti
799 1185 1034 1233 occurrit.
1136 1183 1273 1232 Cum
1296 1184 1495 1234 AEliano
1525 1185 1805 1239 miraberis,
1827 1184 1972 1249 quod
2000 1186 2122 1236 ficut

371 1249 566 1299 diversae
591 1248 866 1296 hominum
883 1249 1146 1300 Nationes,
1161 1249 1228 1296 ita
1243 1236 1298 1298 B<
1324 1247 1521 1296 diversae
1539 1249 1832 1297 animalium
1854 1250 2033 1313 species
2052 1250 2122 1299 di-

371 1312 514 1363 verso
547 1311 797 1360 Idiomate
828 1322 1065 1359 utantur:
1119 1325 1240 1358 nam
1273 1314 1449 1370 rugiunt
1476 1312 1679 1365 leones,
1711 1314 1906 1371 mugiunt
1933 1312 2119 1368 boves,

372 1391 496 1426 oves
519 1373 690 1423 balant,
714 1371 956 1419 baubantur
979 1388 1123 1421 canes
1138 1405 1151 1426 ,
1178 1375 1295 1435 equi
1320 1375 1542 1425 hinniunt,
1567 1373 1683 1422 asini
1711 1376 1892 1426 rudunt,
1920 1374 2121 1423 barriunt

371 1437 658 1502 elephantes
672 1469 684 1489 ,
718 1449 867 1481 oncant
897 1434 1014 1488 urii,
1038 1438 1247 1495 ganm‘unt
1268 1437 1439 1501 vulpes
1454 1470 1467 1491 ,
1488 1439 1656 1484 ululant
1678 1438 1807 1502 lupi,
1825 1440 2017 1497 gratitat
2036 1454 2119 1488 an-

371 1501 469 1552 ser,
485 1501 676 1559 glociunt
733 1499 887 1553 allinae
903 1532 916 1551 ,
936 1501 1171 1558 grunniunt
1191 1499 1294 1547 sues
1310 1533 1323 1554 ,
1347 1501 1540 1557 drensant
1567 1502 1740 1564 cygni,
1767 1501 1965 1560 clangunt
1982 1504 2119 1564 aqui-

369 1564 427 1613 lae
443 1596 457 1617 ‚
477 1565 592 1623 pipit
613 1577 673 1626 pa
714 1577 789 1615 cr,
809 1562 978 1626 perdix
999 1561 1197 1612 meabat,
1221 1575 1373 1619 coaxat
1392 1579 1510 1611 rana
1524 1596 1536 1615 ‚
1551 1561 1726 1622 frendet
1750 1579 1866 1628 aper
1880 1596 1893 1618 ‚
1913 1565 2120 1627 panthe-

369 1642 423 1675 ra
441 1627 607 1675 caurit,
631 1625 792 1673 hircus
822 1627 979 1675 mutit,
1009 1628 1134 1684 vagit
1160 1625 1324 1689 lepus,
1344 1625 1566 1675 hirundo
1599 1627 1777 1682 trinfizt,
1804 1628 2000 1675 ciconia
2023 1628 2119 1686 glo..

369 1700 513 1739 cerat,
537 1699 712 1734 rancent
733 1689 890 1743 cervi,
913 1691 1078 1734 cucurit
1096 1688 1252 1752 gallus
1268 1721 1280 1742 ,
1304 1702 1449 1735 orcant
1468 1690 1661 1750 lynceS‚
1687 1702 1864 1734 runcant
1890 1690 2116 1753 tigrides,
2170 1698 2171 1713 ³

367 1766 484 1801 anas
503 1752 728 1803 tetrinnit‚
749 1765 881 1813 pavo
901 1752 1109 1811 pupillczt,
1134 1752 1412 1815 vespertilio
1425 1750 1595 1804 stridet,
1623 1751 1792 1799 cicada
1806 1749 1985 1809 frinnit,
2006 1768 2118 1801 cor.

368 1830 459 1865 vus
481 1816 686 1865 crocitat,
712 1827 913 1877 merops
935 1814 1178 1865 <damulam
1266 1815 1406 1879 Quid
1424 1815 1619 1863 multis?
1656 1814 1943 1877 Zoopaediae
1966 1829 2116 1864 anna-

366 1878 434 1926 les
457 1873 629 1929 lustra,
657 1878 706 1924 ὃς
732 1874 955 1924 sexcenta
986 1890 1253 1925 occurrent
1281 1878 1498 1940 loquelae
1530 1876 1777 1933 ejusmodi
1808 1873 2112 1926 testimonia.

123 1947 228 1992 Pet.
367 1942 523 1990 Nunc
543 1939 699 2002 leges,
723 1937 778 1986 ut
800 1939 862 1987 ad
892 1938 1162 2003 elephantis
1197 1940 1464 1994 barritum,
1487 1939 1520 1988 fi
1542 1936 1676 1988 forte
1709 1939 1889 1988 cecidit
1913 1939 2117 1988 fallente
2162 1963 2163 1967 ¹

125 2000 303 2061 Greg.l.
369 1999 573 2065 vestigio
590 2035 602 2055 ,
623 2003 850 2049 certatim
873 2002 1155 2052 convolent
1173 2003 1473 2060 Adiutores:
1511 2002 1567 2051 ut
1594 2005 1744 2051 etiam
1772 2000 1908 2067 piscis
1929 2035 1943 2056 ,
1975 2002 2116 2051 elusis
2158 2024 2162 2059 ,³

127 2067 259 2124 15.de
272 2077 341 2109 re·
370 2064 520 2112 semel
541 2064 747 2118 retibus,
767 2080 891 2114 mox
920 2065 981 2114 de
1004 2065 1229 2129 periculo
1247 2065 1460 2115 edoceat
1483 2065 1801 2119 adnatantes,
1827 2077 1880 2114 ut
1897 2064 1997 2121 jam
2016 2065 2115 2113 fru-
2156 2065 2160 2131 j

118 2128 226 2195 pub.
240 2143 277 2173 c.
295 2135 336 2182 5.
371 2124 463 2175 stra
489 2129 778 2191 quempiam
799 2127 889 2177 illo
914 2129 992 2176 die
1013 2127 1223 2192 piscator
1243 2129 1331 2177 exs
1356 2129 1497 2178 eclet.
1565 2127 1953 2193 Deprehendes,
1972 2126 2026 2175 ut
2042 2126 2116 2175 hi-
2154 2147 2158 2168 a

124 2190 232 2244 Alb.
254 2189 324 2234 M.
371 2188 565 2240 rundo,
588 2204 696 2236 non
713 2192 979 2239 invitatum
999 2194 1085 2240 suo
1104 2192 1156 2239 in
1178 2191 1301 2240 nido
1367 2193 1577 2257 ospitem
1599 2187 1774 2241 frustra
1799 2204 2111 2255 oppugnans,
2153 2221 2156 2246 ,

122 2256 156 2307 ἰ.
176 2260 220 2305 8.
245 2252 295 2296 de
372 2251 586 2317 querulis
605 2252 812 2300 vocibus
834 2269 957 2301 mox
979 2266 1236 2303 convocet
1253 2254 1478 2310 SodaleS,
1497 2269 1606 2318 quae
1622 2253 1826 2305 occluso
1846 2267 1931 2316 per
1948 2252 2110 2302 luteos
2150 2264 2155 2319 ξ

125 2319 213 2366 aul.
229 2332 265 2363 c.
280 2325 325 2357 2-
372 2328 571 2380 aggeres
590 2316 816 2362 certatim
835 2314 1023 2365 ostiolo
1042 2316 1366 2382 possessorem
1395 2321 1627 2381 iniquum
1645 2328 1885 2382 perpetuo
1913 2328 2110 2362 carcere
2148 2330 2153 2381 ς

126 2379 288 2441 Porph.
308 2374 340 2421 l.
375 2376 642 2429 damnant,
665 2378 715 2425 ὅ(
736 2380 972 2439 puniunt:
1009 2379 1065 2428 ut
1087 2379 1240 2444 passer
1271 2379 1480 2429 effusum
1500 2382 1552 2429 in
1578 2380 1697 2430 foro
1725 2375 1965 2441 pabulum
1995 2392 2112 2441 pro·
2147 2389 2150 2442 l

129 2447 237 2502 3.de
256 2436 333 2487 ab·
376 2438 628 2503 mulgans‚
647 2437 807 2487 socios
826 2440 888 2488 ad
916 2442 1069 2491 lautas
1090 2443 1256 2507 epulas
1284 2442 1453 2493 secum
1480 2445 1670 2493 invitet.
1769 2436 1930 2504 Quod
1952 2438 1988 2487 fi
2019 2440 2112 2488 ser-
2145 2462 2147 2479 ι

117 2506 221 2567 stin.
376 2516 559 2556 mones
587 2496 707 2554 istos
726 2500 892 2553 minus
914 2505 1182 2571 intelligas,
1207 2505 1506 2560 crediderim
1535 2498 1825 2558 enimvero,
1844 2516 2110 2616 nunquam
2143 2538 2146 2556 .

2025 2580 2055 2617 e
2142 2601 2143 2606 ,
