2175 2911
382 119 399 150 1
412 115 473 149 20
945 97 1181 146 Academia
1206 99 1457 147 Brutorum.

313 192 460 240 vium
481 189 578 237 ruit
592 219 605 240 ,
626 184 852 252 palmam
875 189 1143 252 praeripuit,
1168 186 1340 236 relieto
1362 186 1425 234 ad
1444 185 1579 234 littus
1600 182 1789 233 aemulo
1804 215 1818 238 ,
1837 186 1933 246 qui-
1947 202 2055 240 non

314 265 420 302 tam
437 248 788 314 iriedia,quani
810 249 1004 314 pudore
1025 250 1201 299 amiffae
1214 249 1450 298 Vistoriae
1467 245 1625 313 periit.
1694 246 1823 296 Illud
1848 249 2056 305 mirum,

70 324 283 382 l.3.c.12.
317 314 463 379 quod
489 310 626 364 hisce
658 313 820 364 verbis
850 315 1238 378 Nicrenbergius
1272 323 1551 360 memorat:
1588 310 1796 374 Elephas
1827 309 2058 362 furorem

317 381 529 428 Veneris
552 392 778 426 annuum
804 391 910 424 non
933 379 1152 442 reprimit
1173 372 1488 437 citius,quam
1511 372 1775 438 proposito
1803 388 1889 437 per
1901 375 2061 439 Magi-

321 441 476 493 strum
506 441 856 490 exhortantem
885 440 1149 489 dedecore.
1216 439 1347 485 Illum
1367 440 1616 483 animalium
1645 439 1820 496 Regem,
1843 436 2059 496 Sapientia

318 510 559 554 vincentem
590 504 815 554 Platones,
843 504 1077 549 salomones
1108 499 1370 552 Prudentia,
1395 503 1510 547 illum
1532 502 1586 545 ad
1613 501 1801 559 indignae
1814 498 1978 552 sordes,
2001 501 2060 549 ἔφ’

318 570 506 618 ludtbria
527 568 652 626 dejici
665 568 684 613 ,ἒ
720 582 841 629 quem
872 565 1132 617 hominibus,
1154 581 1278 628 quem
1311 563 1409 623 alijs
1434 565 1584 610 Brutis
1611 560 1708 620 fore
1726 563 1910 620 sensum,
1926 561 1963 620 si
1989 565 2059 609 vi-

317 636 459 680 derint
480 631 780 690 Elephantem‚
805 632 874 675 cui
899 629 996 675 thus
1024 629 1300 675 adoleverant
1318 628 1516 677 Druidae,
1549 625 1782 687 turpzffima
1806 623 1964 684 foedari
1984 642 2060 672 vo-

318 696 514 756 luptate?
548 696 740 738 vinceret
768 708 868 739 caeca
891 693 978 738 tela
995 693 1217 751 Cupidinis,
1243 695 1476 751 imperaret
1498 691 1637 735 amori
1649 724 1662 740 ,
1673 688 1734 747 fic
1743 686 1866 747 famei
1884 691 2060 735 immor-

318 760 474 809 talem,
494 757 554 816 fic
575 754 833 815 Scipionibus
852 789 865 806 ,
887 754 946 813 fic
974 756 1234 800 Alexandris
1260 765 1410 814 parem
1437 750 1552 811 fore.
1653 753 1742 800 His
1780 753 2063 800 cicurantur

317 823 487 874 Bruta,
501 823 692 868 utinam
717 820 764 868 ὅ(
792 816 1100 865 mitescerent
1123 817 1384 866 homines!
1453 817 1609 861 MEL:
1679 816 1854 863 Grates
1878 815 1966 863 tibi
1995 814 2062 862 di-

319 896 488 933 cerent
508 884 672 933 Bruta,
693 881 725 929 fi
742 882 886 942 loqui
909 878 1119 944 possent,
1143 893 1248 928 tam
1272 876 1467 942 egregie
1490 874 1754 941 perorasti.-
1786 877 1866 924 sed
1887 876 2061 925 fufius:

72 969 206 1023 Art-st
231 984 252 1016 Ι
320 947 436 996 hinc
455 944 774 1009 respondebo
797 941 1102 991 succinetius.
1202 942 1425 990 Probant
1443 942 1603 992 allata,
1624 941 1783 988 Brutis
1801 938 1950 988 inesse
1973 955 2065 988 vo-

72 1039 114 1083 P
142 1035 196 1080 st
262 1005 272 1016 ’
321 1026 461 1062 cem,
483 1008 563 1056 sed
583 1022 690 1055 non
718 1007 1032 1052 sermonem:
1069 1004 1150 1049 hic
1172 1007 1307 1050 enim
1326 1004 1551 1063 Stagirita
1572 999 1719 1054 teste,
1731 1003 1861 1056 fhlius
1888 1003 2067 1048 hominis

117 1051 172 1080 ⁰²
321 1072 391 1125 est,
419 1082 595 1134 utpote
631 1068 835 1114 rationis
864 1066 1039 1115 index,
1068 1066 1118 1111 &
1148 1065 1328 1110 mentis
1361 1065 1621 1126 Interpres.
1723 1062 1884 1130 Qod
1917 1063 1950 1111 fi
1979 1063 2068 1113 has

276 1128 289 1143 ⁹
319 1149 473 1185 voces
495 1131 812 1179 locutionem
837 1126 1074 1189 appelles,
1094 1125 1317 1188 linguam
1345 1139 1526 1173 eorum
1550 1125 1786 1186 loqueris,
1812 1125 1992 1187 quibus
2017 1128 2068 1177 δε

317 1196 541 1246 Echo,&
563 1189 718 1238 statua
734 1189 931 1239 Alberti
952 1189 1026 1237 M.
1049 1188 1221 1235 locuta
1245 1187 1439 1241 dicitur,
1467 1188 1730 1236 locutione
1754 1187 1935 1236 scilicet
1956 1203 2070 1236 ana-

315 1253 508 1322 logica,
530 1256 644 1317 quia
667 1252 694 1300 a
717 1253 962 1317 principio
984 1251 1255 1299 extrinseco
1277 1253 1624 1314 proveniente.
1718 1250 1973 1300 Caeterum
1997 1252 2069 1300 uti

315 1333 485 1386 guttur
507 1319 694 1368 variare
717 1316 964 1363 clamores
978 1347 990 1368 ,
1012 1314 1074 1362 fic
1095 1329 1183 1362 eos
1208 1314 1505 1368 discernere,
1525 1317 1575 1364 &
1592 1329 1731 1363 aures
1754 1313 1977 1378 possunt:
2014 1316 2069 1364 in

316 1384 486 1435 multis
518 1379 710 1429 accedit
739 1379 835 1429 Ars
868 1379 1066 1441 Magica
1085 1409 1098 1429 ,
1137 1377 1275 1425 velut
1302 1379 1353 1425 in
1378 1380 1591 1441 Tyaneo
1618 1411 1631 1431 ,
1665 1393 1775 1427 non
1800 1392 2066 1440 nunquam

316 1447 597 1501 delirorum
618 1453 931 1493 commenta,
957 1441 1163 1488 velutin
1181 1441 1479 1489 Salomone.
1580 1441 1949 1506 Alijslinguam
1975 1439 2068 1489 sol-

317 1513 389 1559 vit
410 1507 632 1556 humana
656 1500 916 1554 industria3
954 1502 1052 1559 aliis
1077 1503 1336 1568 phantafiae
1360 1502 1564 1552 facultas
1593 1504 1828 1568 practica:
1866 1503 1929 1552 fic
1950 1501 2066 1552 Pfit-

317 1575 412 1621 taci
435 1586 542 1618 non
564 1570 798 1633 garriunt,
821 1566 905 1614 nisi
926 1566 1090 1630 saepius
1119 1567 1386 1616 inculcata:
1423 1566 1486 1615 fic
1509 1566 1795 1631 elephantes
1812 1568 2068 1616 leniuntur

316 1634 610 1685 verbis‚non
624 1629 766 1693 quod
779 1629 968 1678 sensum
982 1630 1356 1695 intelligant‚sed
1372 1630 1516 1693 quod
1535 1630 1862 1680 inflexionem
1874 1648 2070 1683 vocum

320 1696 588 1748 diversam,
614 1695 756 1742 certis
777 1689 1016 1756 gestibus,
1044 1688 1396 1757 blanditiisque
1423 1693 1747 1748 conjunctam
1774 1698 2066 1759 percipiant.

444 1757 642 1809 LEUC:
713 1758 840 1805 Non
867 1755 1065 1804 tantum
1086 1758 1295 1810 Sermo,
1319 1756 1400 1805 sed
1428 1755 1685 1805 artificiosa
1708 1771 1918 1820 quoque
1945 1773 2068 1822 ope-

74 1855 105 1904 6
128 1853 202 1904 ΕΗ
217 1854 256 1899 ic
319 1822 460 1874 randi
480 1823 649 1886 peritia
669 1817 979 1883 Philosopho
995 1836 1106 1865 vera
1130 1824 1307 1867 rationis
1325 1816 1455 1868 testis
1476 1815 1560 1872 est,
1577 1822 1626 1869 ὃ(
1642 1821 1896 1884 interpres·
1963 1822 2067 1871 De-

110 1894 120 1903 '
198 1873 213 1902 ³
258 1886 270 1899 “
321 1902 432 1936 mus
447 1919 459 1939 ,
485 1885 573 1933 illo
596 1897 761 1931 carere
783 1883 949 1936 Bruta,
969 1881 1098 1931 hane
1117 1885 1202 1946 qui
1219 1885 1490 1947 negaverit,
1513 1882 1672 1930 oculis
1691 1895 1851 1937 caret,
1871 1885 1921 1934 ὃς
1938 1899 2068 1946 quo.

75 1932 122 1980 4·
322 1953 393 1999 vis
414 1945 481 1997 est
494 1946 752 2010 Thamyra
775 1960 930 1994 caecus
953 1944 1125 2008 magis.
1167 1943 1341 1995 Lustra
1365 1945 1624 1998 mecum,s1
1644 1945 1785 1993 lubet
1805 1945 1935 1995 hanc
1948 1948 2068 1997 Bru-

320 2026 380 2060 tae
406 2013 562 2075 gentis
583 2009 1001 2074 Rempublicam,
1024 2012 1075 2059 ὃς
1105 2025 1287 2058 omnes
1312 2024 1398 2057 me
1417 2007 1570 2058 Musae
1595 2008 1823 2063 oderint,
1842 2008 1877 2058 fi
1906 2022 2067 2061 artem

323 2075 477 2123 ullam
501 2074 707 2137 reperias
721 2105 732 2125 ,
753 2087 909 2135 quam
934 2087 1042 2121 non
1062 2070 1303 2137 apprime,
1327 2075 1377 2122 ὃ(
1397 2070 1607 2120 exactius
1627 2071 1787 2125 subin,
1807 2071 1960 2136 quam
1980 2072 2069 2139 ipsi

74 2117 132 2166 L·
156 2113 206 2159 de
210 2114 298 2223 15⁰?
325 2138 581 2188 homines,
602 2136 752 2183 Bruta
771 2147 1055 2188 exerceant,
1076 2133 1368 2184 calleantve.
1469 2134 1718 2181 Textoriam
1738 2138 1904 2200 cupis?
1940 2136 2065 2184 Ara-

77 2180 217 2229 κη’]
234 2191 296 2221 ²²²⁶
327 2215 429 2249 neae
450 2199 546 2246 tela
567 2197 822 2246 considera
837 2231 850 2250 ,
873 2200 923 2248 ὅ(
945 2214 1065 2247 curn
1085 2198 1354 2248 Plutarcho
1373 2196 1612 2262 stupebis,
1632 2199 1694 2246 ab
1718 2197 1811 2247 hac
1826 2198 2062 2248 Arachne

78 2241 182 2293 mal·
328 2256 587 2333 subtilitate
608 2261 740 2308 vinci
764 2261 997 2325 Phrygias
1020 2278 1196 2311 manus
1212 2295 1223 2316 ,
1246 2274 1349 2311 arte
1376 2263 1530 2328 ipsam
1552 2260 1809 2312 Palladem
1834 2260 2059 2325 superari.

330 2323 534 2377 Penfiha
551 2323 824 2387 Bombyeis
846 2324 1118 2375 Mausolaea
1141 2326 1296 2391 aspice
1310 2359 1324 2381 ‚

82 2397 213 2447 Hier.
225 2387 302 2439 Vi-
888 2390 953 2433 Uc
971 2388 1052 2445 fila
1071 2390 1210 2449 legat,
1235 2402 1364 2453 atque
1383 2391 1529 2436 ordine
1548 2390 1699 2441 ducat,
1875 2406 1902 2419 ⁴·

85 2458 143 2503 da
161 2458 206 2502 in
239 2500 243 2503 ,
613 2449 739 2496 Mille
760 2447 894 2506 legat,
919 2451 1162 2516 relega'tque
1183 2455 1303 2505 vias,
1325 2465 1455 2517 atque
1476 2451 1657 2501 Orbibua
1677 2446 1810 2499 Orbes

89 2514 289 2577 Bombyc.
614 2510 915 2573 Agglomeret,
937 2529 1034 2563 caeco
1057 2516 1184 2564 donec
1193 2517 1240 2576 fix
1266 2532 1436 2568 carcere
1452 2517 1638 2565 claudat.

1803 2575 1865 2627 Et
1880 2571 2000 2626 fate·
