2175 2911
0 336 16 357 (A

638 140 873 188 Academia
904 141 1153 189 Brutorum.
1614 167 1616 172 f
1630 155 1648 187 1
1661 154 1713 186 21

43 233 106 283 Et
130 231 375 288 fateberis,
393 228 536 296 quod
558 230 692 281 suam
720 231 836 280 huic
850 228 1044 279 Artifici
1073 231 1286 293 gloriam
1310 231 1611 282 Damascus3
1642 229 1787 294 quod

43 297 147 345 suas
171 308 421 362 praetextas
444 295 712 348 Consules,
738 297 788 344 &
818 295 1081 357 Magnates
1102 326 1114 346 ,
1148 294 1250 342 suas
1282 296 1471 343 trabeas
1508 297 1671 359 Reges
1692 328 1703 347 ,
1735 298 1786 345 δε

43 360 292 424 Principes
309 359 522 407 debeant
537 391 549 410 ,
568 352 794 422 gratique
816 355 1104 404 adscribant.
1181 358 1539 406 Archiceffonicae
1560 359 1787 422 prodigia

49 425 212 488 cupis?
248 416 910 485 Hirundinis,Aleyon1'sque
939 417 1086 468 nidos
1107 421 1323 485 explora,
1349 424 1398 471 ὃς
1425 421 1625 477 -jurabis,
1649 424 1783 486 inge-

46 487 110 542 nij
132 488 256 536 vires
275 485 536 534 aDaedalo
564 483 646 534 hic
664 485 868 532 tandem
894 479 1160 531 exhaustas
1246 481 1395 533 Certe
1417 485 1639 544 Stagirita
1661 485 1786 533 dum

1142 541 1152 556 ἱ

2 578 4 580 -
47 549 312 610 quondam
346 548 682 598 Hirundinem
711 548 858 600 vidit,
884 557 989 594 tam
1011 548 1163 611 perite
1187 558 1461 611 temperare
1484 536 1673 600 lutum,
1696 549 1788 596 mi-
1817 537 2029 599 L·9·h²'st·

45 614 175 662 scere
204 612 390 676 paleas,
427 612 693 660 colledtam
711 612 794 659 alis
825 624 1007 672 aquam
1033 608 1309 672 aspergere,
1333 626 1422 659 ore
1450 610 1692 659 indefess'o
1719 610 1787 658 af·
1816 607 2031 663 C·7·l·10·

47 676 176 724 ferre
201 677 459 723 materiam
476 707 489 727 ,
509 673 609 722 fine
621 673 870 722 columnis
883 672 963 721 sus
988 674 1194 724 endere,
1215 672 1424 735 plumeo
1446 676 1575 721 intus
1605 672 1786 738 stragu-
1818 687 1853 716 c.
1875 682 1894 726 3
1908 683 1951 728 3·

45 740 99 787 lo
123 739 342 787 molliter
363 734 563 789 vestire,
588 736 690 784 nidi
717 736 859 791 hujus
894 689 1148 784 callellum
1182 737 1308 781 inter
1338 739 1578 799 praecipua
1602 737 1786 785 Mundi

45 801 290 851 Miracula
308 800 561 847 collocare
579 814 688 846 non
711 799 969 847 dubitavit.
1055 797 1231 854 Iisdem
1252 798 1474 845 accenset
1498 799 1785 846 Plutarchus
1818 795 1994 843 choero-

45 864 293 927 Alcyonis
320 860 524 912 nidum3
561 859 695 908 hunc
718 863 854 909 enim
879 861 1002 909 dum
1023 861 1236 913 videret,
1263 876 1321 907 ex
1338 862 1436 908 Aci
1458 860 1622 923 spinis,
1646 863 1785 909 mira·
1819 859 1992 916 nenfisl.

46 926 130 975 bili
147 922 355 971 artificio
380 924 599 972 invicem
622 924 863 988 implexis,
885 923 947 971 ad
968 921 1115 972 instar
1133 923 1318 987 scaphae
1342 923 1642 977 formatum,
1664 939 1791 986 opus
1822 921 2019 977 defhlert.

42 988 196 1035 everti
218 986 280 1034 ab
292 986 464 1040 AEolo,
478 981 739 1050 mergique
759 987 820 1036 ab
842 989 961 1035 irata
984 990 1135 1035 etiam
1148 987 1363 1036 Thetide
1385 987 1631 1034 nescium:
1669 986 1795 1034 dum
1825 986 2023 1035 Animal.

44 1050 275 1114 aspiceret
301 1045 542 1098 ostiolum
565 1065 622 1096 ea
651 1062 753 1097 arte
785 1051 1125 1103 elaboratum,
1153 1062 1205 1098 ut
1225 1052 1369 1098 omni
1387 1049 1617 1102 animali,
1642 1051 1794 1098 etiam

45 1115 286 1177 Alcyone
304 1113 517 1165 minori,
538 1109 647 1160 imo
667 1111 773 1175 ipfis
799 1112 940 1161 undis
969 1112 1083 1160 esset
1102 1115 1431 1176 impervium:
1461 1112 1584 1160 dum
1598 1113 1796 1161 sentiret

49 1192 106 1224 ea
126 1175 369 1224 soliditate
389 1172 664 1228 firmatum,
685 1187 738 1222 ut
758 1190 850 1223 nec
873 1175 1003 1228 saxo,
1018 1190 1109 1222 nee
1127 1175 1262 1222 ferro
1286 1173 1499 1237 diffringi
1522 1172 1664 1224 facile
1685 1177 1796 1240 pos2

48 1239 140 1292 set,
161 1238 494 1286 admiratione
521 1237 750 1303 abreptus
779 1238 1096 1286 exclamavit:
1133 1238 1264 1283 talem
1294 1241 1500 1299 quondam
1523 1239 1653 1284 oculis
1672 1240 1796 1285 Phoe-

51 1302 130 1348 bea
152 1303 338 1347 vidimus
356 1303 474 1346 Arce
521 1300 643 1351 Deli,
670 1316 911 1349 corneam
935 1302 1070 1348 illam
1087 1315 1270 1354 arcam,
1285 1301 1385 1349 fine
1408 1302 1611 1349 vinculo
1631 1300 1694 1349 fic
1711 1317 1799 1349 co-

50 1376 286 1430 aptatam,
302 1376 356 1412 ut
377 1366 503 1411 inter
522 1363 711 1425 septem
733 1363 916 1412 Mundi
940 1363 1184 1411 Miraeula
1203 1375 1547 1426 reponeretur.
1618 1363 1799 1412 Archi-

49 1428 310 1476 tectonieae
333 1425 488 1474 affinis
520 1425 588 1476 est
623 1428 900 1479 Geometria;
937 1424 1066 1473 hane
1094 1439 1303 1486 quoque
1335 1425 1414 1474 vel
1447 1424 1509 1472 ad
1530 1425 1799 1475 Archime-

51 1492 122 1539 dis
146 1491 386 1540 invidiam
406 1491 636 1539 animalia
661 1489 862 1537 callent:
901 1484 1033 1537 certe
1054 1488 1289 1536 Alvearia
1317 1502 1470 1551 apum
1498 1487 1622 1536 dum
1645 1501 1801 1536 atten-

51 1553 147 1602 tius
168 1554 446 1617 exploraret
466 1553 532 1601 D.
557 1550 883 1605 Ambrofius,
905 1547 1161 1615 obstupuit
1179 1551 1376 1598 cellulas
1393 1583 1404 1603 ,
1433 1549 1716 1615 hexagonas
1738 1550 1802 1599 ad
1828 1547 2031 1604 In4.Ge.

53 1632 208 1666 unam
231 1631 436 1665 omnes,
462 1618 510 1664 &
531 1615 760 1664 lateribus
788 1615 1022 1677 quidem,
1044 1613 1105 1661 ad
1126 1614 1340 1662 Euclidis
1370 1616 1617 1676 rigorem,
1638 1629 1798 1677 aequa-
1827 1622 1915 1667 org-

49 1680 136 1728 les.
184 1679 402 1728 AElianus
423 1674 670 1728 struiturae
700 1677 1299 1733 ordinem,uniformiter
1335 1677 1653 1731 difformem,
1683 1679 1801 1725 deli·
1829 1691 2044 1751 L,1,0‚59

51 1753 258 1790 neatum
282 1740 381 1789 fine
401 1743 608 1797 circino,
631 1745 682 1790 in
701 1742 919 1790 tenebris
941 1740 1257 1789 elaboratum
1279 1740 1341 1788 fic
1366 1740 1581 1804 suspexit,
1601 1753 1656 1788 ut
1677 1741 1803 1789 aedes

51 1805 232 1867 Apum
249 1801 550 1859 stramineas,
573 1804 847 1869 magnificis
867 1807 1119 1866 utriusque
1143 1805 1260 1868 Cyri
1285 1805 1473 1860 Palatijs
1495 1801 1706 1852 artificio
1726 1820 1811 1853 an-

52 1869 232 1915 teferre
260 1883 369 1915 non
403 1867 664 1917 dubitaret.
781 1869 1030 1933 AEgyptias
1067 1867 1213 1916 foffas
1252 1864 1487 1917 Historici
1526 1867 1806 1921 celebrent,

58 1931 286 1980 Creticos
305 1931 641 1994 Labyrinthos
669 1934 838 1981 Poetae
868 1932 1162 1984 decantent,
1189 1930 1269 1978 sed
1292 1931 1625 1979 formicarum
1653 1927 1806 1979 castra
1891 1985 1898 1993 ¹

57 1994 347 2044 Geometrae
371 1992 731 2059 obstupescant.
773 1996 992 2052 Majolus
1016 1995 1243 2042 oculatus
1267 1990 1542 2047 testis,dum
1563 2009 1672 2042 non
1694 2009 1808 2058 pro·
1830 1985 1958 2057 ΒΖΝ·
1974 1984 2047 2030 04·

58 2057 137 2105 cul
169 2054 356 2120 Apulia
380 2057 619 2106 incidisset
643 2059 907 2121 quondam
927 2061 977 2105 in
1007 2058 1160 2104 talem
1184 2057 1489 2111 Coloniam,
1515 2058 1694 2105 urbem
1725 2057 1805 2105 de·
1833 2065 1914 2095 ⁷²³⁶·
1941 2048 2028 2093 Col·

58 2118 339 2185 prehendit,
356 2121 419 2168 ad
442 2120 726 2170 Matheseos
747 2124 907 2186 apices
925 2120 1400 2183 quadrangularem:
1437 2132 1542 2167 tam
1563 2120 1811 2169 admiran—
1836 2112 1916 2174 loq·
1936 2121 1977 2167 5·

0 2220 1 2232 1
61 2183 124 2231 da
145 2194 246 2230 erat
280 2181 302 2239 <
323 2182 570 2232 Authoris
586 2184 735 2234 verba
758 2188 866 2233 sunt
888 2181 909 2239 3
944 2185 1174 2236 laterum,
1192 2187 1240 2232 &
1263 2184 1570 2247 angulorum
1595 2184 1810 2231 delinea-

0 2250 3 2329 ξ
30 2319 32 2321 ,

0 2348 5 2393 f

59 2247 159 2296 tio,
183 2258 236 2293 ut
257 2244 503 2295 artificum
531 2246 728 2300 amussi,
748 2242 1040 2309 circinoque
1073 2247 1363 2295 fabricatam
1397 2259 1613 2310 putares:
1651 2262 1810 2308 aequa-

62 2308 117 2357 lis
141 2308 382 2358 visebatur
406 2310 652 2357 dimenfio
679 2312 727 2357 in
759 2312 973 2374 longum
989 2343 1002 2363 ,
1027 2312 1076 2359 <Sc
1099 2311 1255 2357 latum
1277 2327 1286 2356 :
1325 2325 1492 2356 aream
1514 2312 1565 2358 in
1587 2311 1731 2361 foro,
1756 2310 1806 2357 ὅς

1 2396 5 2422 e
63 2374 288 2435 compita
322 2373 610 2421 dividebant
640 2375 727 2421 viae
752 2372 1155 2436 orthogonaliter
1187 2372 1353 2420 rectae:
1402 2371 1524 2421 fines
1557 2373 1804 2422 ornabant

62 2434 244 2484 horrea
259 2467 271 2488 ,
295 2448 450 2500 portae
472 2437 740 2498 aequalibus
761 2438 888 2485 inter
909 2436 954 2484 se
973 2435 1130 2500 spatiis
1155 2433 1387 2484 distinecae
1402 2469 1414 2488 ,
1436 2449 1490 2484 ut
1510 2438 1699 2484 nonita
1720 2431 1804 2479 ad-

4 2502 8 2555 }
66 2501 266 2547 miratus
298 2498 388 2547 fim
413 2499 565 2563 ipsam
598 2501 876 2564 Neapolim
897 2532 911 2554 ,
941 2497 1094 2562 quam
1123 2498 1291 2549 horno
1320 2499 1614 2548 condidisset
1637 2531 1649 2550 ,
1684 2494 1806 2543 ficut

81 2575 192 2612 eam
219 2561 400 2629 suspexi
434 2562 639 2620 urbem,
675 2577 830 2626 quam
860 2564 1055 2615 ratione
1090 2578 1259 2613 carens
1286 2563 1468 2614 animal
1497 2556 1649 2628 perite
1676 2554 1808 2608 adeo

0 2637 10 2676 1}

926 2626 1023 2690 Q
1632 2635 1755 2672 con-
