<?xml version="1.0" encoding="UTF-8"?>
<!DOCTYPE html PUBLIC "-//W3C//DTD XHTML 1.0 Transitional//EN"
    "http://www.w3.org/TR/xhtml1/DTD/xhtml1-transitional.dtd">
<html xmlns="http://www.w3.org/1999/xhtml" xml:lang="en" lang="en">
 <head>
  <title>
</title>
<meta http-equiv="Content-Type" content="text/html;charset=utf-8" />
  <meta name='ocr-system' content='tesseract 3.04.00' />
  <meta name='ocr-capabilities' content='ocr_page ocr_carea ocr_par ocr_line ocrx_word'/>
</head>
<body>
  <div class='ocr_page' id='page_1' title='image "./nostritemporisph00schw/nostritemporisph00schw_0025.png"; bbox 0 0 2242 2911; ppageno 0'>
   <div class='ocr_carea' id='block_1_1' title="bbox 660 145 1793 209">
    <p class='ocr_par' dir='ltr' id='par_1_1' title="bbox 660 145 1793 209">
     <span class='ocr_line' id='line_1_1' title="bbox 660 145 1793 209; baseline 0.001 -15"><span class='ocrx_word' id='word_1_1' title='bbox 660 145 931 205; x_wconf 72' lang='lat' dir='ltr'>Maufhlaetem</span> <span class='ocrx_word' id='word_1_2' title='bbox 965 145 1319 208; x_wconf 77' lang='lat' dir='ltr'><em>Peripateticum.</em></span> <span class='ocrx_word' id='word_1_3' title='bbox 1765 157 1793 209; x_wconf 64' lang='lat' dir='ltr'>f</span> 
     </span>
    </p>
   </div>
   <div class='ocr_carea' id='block_1_2' title="bbox 27 235 2017 2634">
    <p class='ocr_par' dir='ltr' id='par_1_2' title="bbox 27 235 2017 2634">
     <span class='ocr_line' id='line_1_2' title="bbox 94 235 1946 306; baseline 0 -12"><span class='ocrx_word' id='word_1_4' title='bbox 94 241 487 295; x_wconf 71' lang='lat' dir='ltr'>Lacedaemones</span> <span class='ocrx_word' id='word_1_5' title='bbox 523 235 761 305; x_wconf 83' lang='lat' dir='ltr'>Lycurgo</span> <span class='ocrx_word' id='word_1_6' title='bbox 776 256 791 287; x_wconf 75' lang='grc' dir='ltr'><em>τ</em></span> <span class='ocrx_word' id='word_1_7' title='bbox 833 239 960 290; x_wconf 85' lang='lat' dir='ltr'>Sinae</span> <span class='ocrx_word' id='word_1_8' title='bbox 971 236 1255 290; x_wconf 85' lang='lat' dir='ltr'>Confutio:</span> <span class='ocrx_word' id='word_1_9' title='bbox 1297 236 1532 290; x_wconf 84' lang='lat' dir='ltr'>Romam</span> <span class='ocrx_word' id='word_1_10' title='bbox 1560 239 1738 306; x_wconf 76' lang='lat' dir='ltr'>ipsam,</span> <span class='ocrx_word' id='word_1_11' title='bbox 1772 241 1858 294; x_wconf 86' lang='lat' dir='ltr'>sub</span> <span class='ocrx_word' id='word_1_12' title='bbox 1940 293 1946 300; x_wconf 76' lang='grc'><strong>,</strong></span> 
     </span>
     <span class='ocr_line' id='line_1_3' title="bbox 95 287 2017 365; baseline 0 -8"><span class='ocrx_word' id='word_1_13' title='bbox 95 306 331 358; x_wconf 88' lang='lat' dir='ltr'>Romulo</span> <span class='ocrx_word' id='word_1_14' title='bbox 354 302 646 353; x_wconf 80' lang='lat' dir='ltr'>deformem</span> <span class='ocrx_word' id='word_1_15' title='bbox 671 304 895 358; x_wconf 82' lang='lat' dir='ltr'>caulam,</span> <span class='ocrx_word' id='word_1_16' title='bbox 917 300 1028 352; x_wconf 79' lang='lat' dir='ltr'>imo</span> <span class='ocrx_word' id='word_1_17' title='bbox 1062 303 1276 350; x_wconf 79' lang='lat' dir='ltr'>latronum</span> <span class='ocrx_word' id='word_1_18' title='bbox 1298 303 1560 365; x_wconf 74' lang='lat' dir='ltr'>speluncam,</span> <span class='ocrx_word' id='word_1_19' title='bbox 1591 306 1861 357; x_wconf 88' lang='lat' dir='ltr'>meliorem</span> <span class='ocrx_word' id='word_1_20' title='bbox 1893 287 2017 361; x_wconf 42' lang='lat' dir='ltr'>TW‘</span> 
     </span>
     <span class='ocr_line' id='line_1_4' title="bbox 94 357 1999 436; baseline 0 -16"><span class='ocrx_word' id='word_1_21' title='bbox 94 373 146 420; x_wconf 87' lang='lat' dir='ltr'>in</span> <span class='ocrx_word' id='word_1_22' title='bbox 167 369 412 420; x_wconf 85' lang='lat' dir='ltr'>formam,</span> <span class='ocrx_word' id='word_1_23' title='bbox 425 364 652 430; x_wconf 89' lang='lat' dir='ltr'>redigere</span> <span class='ocrx_word' id='word_1_24' title='bbox 668 369 844 418; x_wconf 83' lang='lat' dir='ltr'>Numa</span> <span class='ocrx_word' id='word_1_25' title='bbox 866 364 1199 430; x_wconf 76' lang='lat' dir='ltr'>Philosophus</span> <span class='ocrx_word' id='word_1_26' title='bbox 1221 365 1412 414; x_wconf 88' lang='lat' dir='ltr'>debuit.</span> <span class='ocrx_word' id='word_1_27' title='bbox 1478 368 1676 417; x_wconf 83' lang='lat' dir='ltr'>Paucis:</span> <span class='ocrx_word' id='word_1_28' title='bbox 1712 373 1867 436; x_wconf 73' lang='lat' dir='ltr'>origi·</span> <span class='ocrx_word' id='word_1_29' title='bbox 1893 357 1999 399; x_wconf 55' lang='grc' dir='ltr'>ΖΜ·</span> 
     </span>
     <span class='ocr_line' id='line_1_5' title="bbox 91 428 1867 497; baseline -0.002 -17"><span class='ocrx_word' id='word_1_30' title='bbox 91 448 181 484; x_wconf 85' lang='lat' dir='ltr'>nes</span> <span class='ocrx_word' id='word_1_31' title='bbox 202 431 307 479; x_wconf 89' lang='lat' dir='ltr'>suas</span> <span class='ocrx_word' id='word_1_32' title='bbox 328 428 596 479; x_wconf 81' lang='lat' dir='ltr'>revolvant</span> <span class='ocrx_word' id='word_1_33' title='bbox 607 430 937 494; x_wconf 56' lang='lat' dir='ltr'>Respublica?7</span> <span class='ocrx_word' id='word_1_34' title='bbox 960 432 1009 480; x_wconf 67' lang='grc' dir='ltr'>ὃς</span> <span class='ocrx_word' id='word_1_35' title='bbox 1029 428 1221 493; x_wconf 80' lang='lat' dir='ltr'><strong>semper</strong></span> <span class='ocrx_word' id='word_1_36' title='bbox 1239 430 1515 483; x_wconf 85' lang='lat' dir='ltr'>invenient,</span> <span class='ocrx_word' id='word_1_37' title='bbox 1528 429 1867 497; x_wconf 81' lang='lat' dir='ltr'>Philosophos.</span> 
     </span>
     <span class='ocr_line' id='line_1_6' title="bbox 94 489 1865 560; baseline -0.001 -15"><span class='ocrx_word' id='word_1_38' title='bbox 94 495 175 545; x_wconf 89' lang='lat' dir='ltr'>vel</span> <span class='ocrx_word' id='word_1_39' title='bbox 197 492 456 544; x_wconf 84' lang='lat' dir='ltr'>Authores</span> <span class='ocrx_word' id='word_1_40' title='bbox 470 525 483 546; x_wconf 81' lang='lat'>‚</span> <span class='ocrx_word' id='word_1_41' title='bbox 503 493 583 542; x_wconf 82' lang='lat' dir='ltr'>vel</span> <span class='ocrx_word' id='word_1_42' title='bbox 605 493 1016 542; x_wconf 79' lang='lat' dir='ltr'>Reformatores:</span> <span class='ocrx_word' id='word_1_43' title='bbox 1052 504 1106 540; x_wconf 89' lang='lat' dir='ltr'>ut</span> <span class='ocrx_word' id='word_1_44' title='bbox 1128 489 1259 541; x_wconf 79' lang='lat' dir='ltr'>adeo</span> <span class='ocrx_word' id='word_1_45' title='bbox 1279 493 1510 541; x_wconf 82' lang='lat' dir='ltr'>Socrates</span> <span class='ocrx_word' id='word_1_46' title='bbox 1538 508 1649 543; x_wconf 93' lang='lat' dir='ltr'>non</span> <span class='ocrx_word' id='word_1_47' title='bbox 1669 494 1865 560; x_wconf 74' lang='lat' dir='ltr'>inepte:</span> 
     </span>
     <span class='ocr_line' id='line_1_7' title="bbox 95 553 1865 619; baseline 0.002 -15"><span class='ocrx_word' id='word_1_48' title='bbox 95 557 338 617; x_wconf 67' lang='lat' dir='ltr'>Philoffiphz·</span> <span class='ocrx_word' id='word_1_49' title='bbox 357 553 542 612; x_wconf 78' lang='lat' dir='ltr'>efficiunt</span> <span class='ocrx_word' id='word_1_50' title='bbox 559 557 709 604; x_wconf 79' lang='lat' dir='ltr'>divina</span> <span class='ocrx_word' id='word_1_51' title='bbox 729 554 858 616; x_wconf 66' lang='lat' dir='ltr'>nciffi‘,</span> <span class='ocrx_word' id='word_1_52' title='bbox 885 556 1069 603; x_wconf 77' lang='lat' dir='ltr'>humana</span> <span class='ocrx_word' id='word_1_53' title='bbox 1098 569 1268 614; x_wconf 83' lang='lat' dir='ltr'>regere:</span> <span class='ocrx_word' id='word_1_54' title='bbox 1305 557 1356 607; x_wconf 86' lang='lat'>&amp;</span> <span class='ocrx_word' id='word_1_55' title='bbox 1372 555 1494 618; x_wconf 84' lang='lat' dir='ltr'>quid</span> <span class='ocrx_word' id='word_1_56' title='bbox 1516 569 1656 619; x_wconf 80' lang='lat' dir='ltr'>putas</span> <span class='ocrx_word' id='word_1_57' title='bbox 1677 559 1739 608; x_wconf 84' lang='lat' dir='ltr'>ad</span> <span class='ocrx_word' id='word_1_58' title='bbox 1751 559 1865 610; x_wconf 82' lang='lat' dir='ltr'>Phi-</span> 
     </span>
     <span class='ocr_line' id='line_1_8' title="bbox 92 616 1864 689; baseline -0.001 -17"><span class='ocrx_word' id='word_1_59' title='bbox 92 619 335 684; x_wconf 73' lang='lat' dir='ltr'>losophiae</span> <span class='ocrx_word' id='word_1_60' title='bbox 348 618 565 683; x_wconf 81' lang='lat' dir='ltr'>gloriam</span> <span class='ocrx_word' id='word_1_61' title='bbox 589 617 751 668; x_wconf 83' lang='lat' dir='ltr'>afferri</span> <span class='ocrx_word' id='word_1_62' title='bbox 769 617 918 684; x_wconf 73' lang='lat' dir='ltr'>poss&#39;it</span> <span class='ocrx_word' id='word_1_63' title='bbox 937 620 1345 667; x_wconf 74' lang='lat' dir='ltr'>convenientius?</span> <span class='ocrx_word' id='word_1_64' title='bbox 1391 616 1507 668; x_wconf 80' lang='lat' dir='ltr'>Imo</span> <span class='ocrx_word' id='word_1_65' title='bbox 1527 618 1864 689; x_wconf 87' lang='lat' dir='ltr'>Philosophos</span> 
     </span>
     <span class='ocr_line' id='line_1_9' title="bbox 93 679 1861 745; baseline 0.001 -14"><span class='ocrx_word' id='word_1_66' title='bbox 93 700 187 737; x_wconf 86' lang='lat' dir='ltr'>nec</span> <span class='ocrx_word' id='word_1_67' title='bbox 218 679 509 730; x_wconf 81' lang='lat' dir='ltr'>ostracismis</span> <span class='ocrx_word' id='word_1_68' title='bbox 527 682 766 736; x_wconf 82' lang='lat' dir='ltr'>infames,</span> <span class='ocrx_word' id='word_1_69' title='bbox 788 698 884 732; x_wconf 92' lang='lat' dir='ltr'>nec</span> <span class='ocrx_word' id='word_1_70' title='bbox 912 683 1130 730; x_wconf 87' lang='lat' dir='ltr'>Pontico</span> <span class='ocrx_word' id='word_1_71' title='bbox 1162 682 1344 745; x_wconf 82' lang='lat' dir='ltr'>dignos</span> <span class='ocrx_word' id='word_1_72' title='bbox 1380 683 1579 736; x_wconf 86' lang='lat' dir='ltr'>littore,</span> <span class='ocrx_word' id='word_1_73' title='bbox 1623 682 1861 737; x_wconf 80' lang='lat' dir='ltr'>testantur</span> 
     </span>
     <span class='ocr_line' id='line_1_10' title="bbox 94 743 1862 813; baseline 0.001 -18"><span class='ocrx_word' id='word_1_74' title='bbox 94 746 341 795; x_wconf 78' lang='lat' dir='ltr'>coronata</span> <span class='ocrx_word' id='word_1_75' title='bbox 371 747 521 793; x_wconf 81' lang='lat' dir='ltr'>ctiam</span> <span class='ocrx_word' id='word_1_76' title='bbox 541 745 746 810; x_wconf 84' lang='lat' dir='ltr'>Capita⁷</span> <span class='ocrx_word' id='word_1_77' title='bbox 769 761 877 809; x_wconf 84' lang='lat' dir='ltr'>quae</span> <span class='ocrx_word' id='word_1_78' title='bbox 907 743 1128 794; x_wconf 69' lang='lat' dir='ltr'>maluere</span> <span class='ocrx_word' id='word_1_79' title='bbox 1158 744 1184 794; x_wconf 74' lang='lat' dir='ltr'>a</span> <span class='ocrx_word' id='word_1_80' title='bbox 1209 744 1523 810; x_wconf 84' lang='lat' dir='ltr'>Philosophis</span> <span class='ocrx_word' id='word_1_81' title='bbox 1552 749 1680 811; x_wconf 88' lang='lat' dir='ltr'>regi,</span> <span class='ocrx_word' id='word_1_82' title='bbox 1703 748 1862 813; x_wconf 78' lang='lat' dir='ltr'>quam</span> 
     </span>
     <span class='ocr_line' id='line_1_11' title="bbox 94 804 1858 878; baseline 0.002 -21"><span class='ocrx_word' id='word_1_83' title='bbox 94 825 292 873; x_wconf 80' lang='lat' dir='ltr'>regere:</span> <span class='ocrx_word' id='word_1_84' title='bbox 328 806 495 872; x_wconf 77' lang='lat' dir='ltr'>potius</span> <span class='ocrx_word' id='word_1_85' title='bbox 520 804 718 862; x_wconf 84' lang='lat' dir='ltr'>instrui,</span> <span class='ocrx_word' id='word_1_86' title='bbox 748 807 904 871; x_wconf 73' lang='lat' dir='ltr'>quam</span> <span class='ocrx_word' id='word_1_87' title='bbox 933 823 1165 872; x_wconf 83' lang='lat' dir='ltr'>regnare:</span> <span class='ocrx_word' id='word_1_88' title='bbox 1202 811 1336 873; x_wconf 83' lang='lat' dir='ltr'>prius</span> <span class='ocrx_word' id='word_1_89' title='bbox 1366 810 1573 873; x_wconf 88' lang='lat' dir='ltr'>imperia</span> <span class='ocrx_word' id='word_1_90' title='bbox 1609 816 1858 878; x_wconf 84' lang='lat' dir='ltr'>accipere,</span> 
     </span>
     <span class='ocr_line' id='line_1_12' title="bbox 93 869 1863 937; baseline 0.001 -15"><span class='ocrx_word' id='word_1_91' title='bbox 93 873 250 937; x_wconf 79' lang='lat' dir='ltr'>quarn</span> <span class='ocrx_word' id='word_1_92' title='bbox 268 871 401 919; x_wconf 84' lang='lat' dir='ltr'>dare.</span> <span class='ocrx_word' id='word_1_93' title='bbox 437 869 690 936; x_wconf 82' lang='lat' dir='ltr'>Philippus</span> <span class='ocrx_word' id='word_1_94' title='bbox 708 871 932 921; x_wconf 77' lang='lat' dir='ltr'>Macedo</span> <span class='ocrx_word' id='word_1_95' title='bbox 961 872 1112 919; x_wconf 89' lang='lat' dir='ltr'>latere</span> <span class='ocrx_word' id='word_1_96' title='bbox 1132 884 1181 920; x_wconf 90' lang='lat' dir='ltr'>te</span> <span class='ocrx_word' id='word_1_97' title='bbox 1204 874 1395 935; x_wconf 86' lang='lat' dir='ltr'>nequit,</span> <span class='ocrx_word' id='word_1_98' title='bbox 1409 874 1494 935; x_wconf 91' lang='lat' dir='ltr'>qui</span> <span class='ocrx_word' id='word_1_99' title='bbox 1519 871 1546 920; x_wconf 77' lang='lat' dir='ltr'>a</span> <span class='ocrx_word' id='word_1_100' title='bbox 1560 874 1863 924; x_wconf 86' lang='lat' dir='ltr'>Moderato-</span> 
     </span>
     <span class='ocr_line' id='line_1_13' title="bbox 94 931 1862 1000; baseline 0.002 -16"><span class='ocrx_word' id='word_1_101' title='bbox 94 951 149 985; x_wconf 80' lang='lat' dir='ltr'>re</span> <span class='ocrx_word' id='word_1_102' title='bbox 170 933 483 997; x_wconf 90' lang='lat' dir='ltr'>Philosopho</span> <span class='ocrx_word' id='word_1_103' title='bbox 516 931 791 998; x_wconf 85' lang='lat' dir='ltr'>(Lyfidem</span> <span class='ocrx_word' id='word_1_104' title='bbox 815 933 1108 1000; x_wconf 82' lang='lat' dir='ltr'>appellant)</span> <span class='ocrx_word' id='word_1_105' title='bbox 1143 935 1398 984; x_wconf 86' lang='lat' dir='ltr'>moderari</span> <span class='ocrx_word' id='word_1_106' title='bbox 1428 937 1630 999; x_wconf 81' lang='lat' dir='ltr'>Sceptra</span> <span class='ocrx_word' id='word_1_107' title='bbox 1650 954 1760 988; x_wconf 90' lang='lat' dir='ltr'>non</span> <span class='ocrx_word' id='word_1_108' title='bbox 1785 939 1862 987; x_wconf 87' lang='lat' dir='ltr'>so·</span> 
     </span>
     <span class='ocr_line' id='line_1_14' title="bbox 92 994 1863 1063; baseline 0.001 -15"><span class='ocrx_word' id='word_1_109' title='bbox 92 998 204 1048; x_wconf 76' lang='lat' dir='ltr'>lum</span> <span class='ocrx_word' id='word_1_110' title='bbox 228 997 426 1051; x_wconf 80' lang='lat' dir='ltr'>didicit,</span> <span class='ocrx_word' id='word_1_111' title='bbox 447 996 529 1045; x_wconf 91' lang='lat' dir='ltr'>sed</span> <span class='ocrx_word' id='word_1_112' title='bbox 550 996 765 1046; x_wconf 75' lang='lat' dir='ltr'>didicisse</span> <span class='ocrx_word' id='word_1_113' title='bbox 792 997 989 1063; x_wconf 78' lang='lat' dir='ltr'>insuper</span> <span class='ocrx_word' id='word_1_114' title='bbox 1011 994 1082 1046; x_wconf 89' lang='lat' dir='ltr'>est</span> <span class='ocrx_word' id='word_1_115' title='bbox 1105 998 1362 1063; x_wconf 70' lang='lat' dir='ltr'>gloriatus,</span> <span class='ocrx_word' id='word_1_116' title='bbox 1460 1000 1775 1055; x_wconf 83' lang='lat' dir='ltr'>Alexander,</span> <span class='ocrx_word' id='word_1_117' title='bbox 1806 1014 1863 1050; x_wconf 84' lang='lat' dir='ltr'>re</span> 
     </span>
     <span class='ocr_line' id='line_1_15' title="bbox 96 1057 1863 1126; baseline 0 -14"><span class='ocrx_word' id='word_1_118' title='bbox 96 1065 147 1112; x_wconf 69' lang='grc' dir='ltr'>ὅ(</span> <span class='ocrx_word' id='word_1_119' title='bbox 165 1063 379 1110; x_wconf 91' lang='lat' dir='ltr'>nomine</span> <span class='ocrx_word' id='word_1_120' title='bbox 402 1061 646 1126; x_wconf 80' lang='lat' dir='ltr'>MagnuS,</span> <span class='ocrx_word' id='word_1_121' title='bbox 663 1057 691 1110; x_wconf 81' lang='grc' dir='ltr'>ὲ</span> <span class='ocrx_word' id='word_1_122' title='bbox 713 1062 950 1125; x_wconf 82' lang='lat' dir='ltr'>Stagiritae</span> <span class='ocrx_word' id='word_1_123' title='bbox 971 1062 1207 1126; x_wconf 78' lang='lat' dir='ltr'>imperiis,</span> <span class='ocrx_word' id='word_1_124' title='bbox 1232 1064 1282 1112; x_wconf 70' lang='grc' dir='ltr'>ὃς</span> <span class='ocrx_word' id='word_1_125' title='bbox 1303 1061 1391 1111; x_wconf 84' lang='lat' dir='ltr'>fibi</span> <span class='ocrx_word' id='word_1_126' title='bbox 1416 1065 1466 1113; x_wconf 72' lang='grc' dir='ltr'>ὅ(</span> <span class='ocrx_word' id='word_1_127' title='bbox 1489 1062 1628 1118; x_wconf 83' lang='lat' dir='ltr'>orbi,</span> <span class='ocrx_word' id='word_1_128' title='bbox 1651 1078 1755 1114; x_wconf 89' lang='lat' dir='ltr'>tam</span> <span class='ocrx_word' id='word_1_129' title='bbox 1777 1065 1863 1113; x_wconf 88' lang='lat' dir='ltr'>be-</span> 
     </span>
     <span class='ocr_line' id='line_1_16' title="bbox 94 1124 1863 1194; baseline 0.002 -20"><span class='ocrx_word' id='word_1_130' title='bbox 94 1141 160 1174; x_wconf 90' lang='lat' dir='ltr'>ne</span> <span class='ocrx_word' id='word_1_131' title='bbox 183 1124 352 1173; x_wconf 85' lang='lat' dir='ltr'>didicit</span> <span class='ocrx_word' id='word_1_132' title='bbox 375 1124 646 1187; x_wconf 81' lang='lat' dir='ltr'>imperare,</span> <span class='ocrx_word' id='word_1_133' title='bbox 669 1136 726 1173; x_wconf 87' lang='lat' dir='ltr'>ut</span> <span class='ocrx_word' id='word_1_134' title='bbox 745 1124 924 1181; x_wconf 86' lang='lat' dir='ltr'>majori</span> <span class='ocrx_word' id='word_1_135' title='bbox 953 1124 1123 1188; x_wconf 85' lang='lat' dir='ltr'>gloriae</span> <span class='ocrx_word' id='word_1_136' title='bbox 1154 1124 1385 1180; x_wconf 81' lang='lat' dir='ltr'>duceret,</span> <span class='ocrx_word' id='word_1_137' title='bbox 1405 1126 1451 1174; x_wconf 94' lang='lat' dir='ltr'>se</span> <span class='ocrx_word' id='word_1_138' title='bbox 1473 1127 1764 1194; x_wconf 84' lang='lat' dir='ltr'>Philosophi</span> <span class='ocrx_word' id='word_1_139' title='bbox 1791 1127 1863 1177; x_wconf 85' lang='lat' dir='ltr'>fa·</span> 
     </span>
     <span class='ocr_line' id='line_1_17' title="bbox 94 1184 1860 1252; baseline 0.001 -15"><span class='ocrx_word' id='word_1_140' title='bbox 94 1188 234 1237; x_wconf 65' lang='lat' dir='ltr'>&amp;um</span> <span class='ocrx_word' id='word_1_141' title='bbox 253 1184 346 1235; x_wconf 85' lang='lat' dir='ltr'>effe</span> <span class='ocrx_word' id='word_1_142' title='bbox 359 1185 834 1252; x_wconf 76' lang='lat' dir='ltr'>discipulun1,quam</span> <span class='ocrx_word' id='word_1_143' title='bbox 852 1199 1029 1236; x_wconf 86' lang='lat' dir='ltr'>natum</span> <span class='ocrx_word' id='word_1_144' title='bbox 1049 1186 1142 1235; x_wconf 83' lang='lat' dir='ltr'>effe</span> <span class='ocrx_word' id='word_1_145' title='bbox 1156 1188 1341 1237; x_wconf 88' lang='lat' dir='ltr'>Mundi</span> <span class='ocrx_word' id='word_1_146' title='bbox 1359 1190 1718 1240; x_wconf 88' lang='lat' dir='ltr'>Monarcham.</span> <span class='ocrx_word' id='word_1_147' title='bbox 1738 1193 1860 1241; x_wconf 88' lang='lat' dir='ltr'>Pro-</span> 
     </span>
     <span class='ocr_line' id='line_1_18' title="bbox 94 1248 1862 1314; baseline 0.001 -15"><span class='ocrx_word' id='word_1_148' title='bbox 94 1251 217 1300; x_wconf 89' lang='lat' dir='ltr'>bant</span> <span class='ocrx_word' id='word_1_149' title='bbox 244 1249 350 1298; x_wconf 86' lang='lat' dir='ltr'>hoc</span> <span class='ocrx_word' id='word_1_150' title='bbox 373 1248 569 1314; x_wconf 83' lang='lat' dir='ltr'>insuper</span> <span class='ocrx_word' id='word_1_151' title='bbox 592 1261 672 1298; x_wconf 89' lang='lat' dir='ltr'>tot</span> <span class='ocrx_word' id='word_1_152' title='bbox 702 1249 903 1297; x_wconf 87' lang='lat' dir='ltr'>obelisci</span> <span class='ocrx_word' id='word_1_153' title='bbox 931 1248 1171 1303; x_wconf 87' lang='lat' dir='ltr'>honoris,</span> <span class='ocrx_word' id='word_1_154' title='bbox 1203 1250 1363 1298; x_wconf 68' lang='lat' dir='ltr'>ercsta</span> <span class='ocrx_word' id='word_1_155' title='bbox 1399 1263 1480 1299; x_wconf 87' lang='lat' dir='ltr'>tot</span> <span class='ocrx_word' id='word_1_156' title='bbox 1509 1254 1780 1303; x_wconf 85' lang='lat' dir='ltr'>Mausolaea</span> <span class='ocrx_word' id='word_1_157' title='bbox 1809 1257 1862 1305; x_wconf 70' lang='grc' dir='ltr'>ὅ(</span> 
     </span>
     <span class='ocr_line' id='line_1_19' title="bbox 95 1311 1863 1380; baseline 0.003 -18"><span class='ocrx_word' id='word_1_158' title='bbox 95 1329 216 1367; x_wconf 80' lang='lat' dir='ltr'>arae,</span> <span class='ocrx_word' id='word_1_159' title='bbox 239 1325 320 1361; x_wconf 90' lang='lat' dir='ltr'>tot</span> <span class='ocrx_word' id='word_1_160' title='bbox 355 1314 508 1360; x_wconf 87' lang='lat' dir='ltr'>etiam</span> <span class='ocrx_word' id='word_1_161' title='bbox 538 1311 764 1374; x_wconf 84' lang='lat' dir='ltr'>Regibus</span> <span class='ocrx_word' id='word_1_162' title='bbox 795 1311 1038 1374; x_wconf 87' lang='lat' dir='ltr'>denegata</span> <span class='ocrx_word' id='word_1_163' title='bbox 1067 1313 1242 1374; x_wconf 84' lang='lat' dir='ltr'>gloriae</span> <span class='ocrx_word' id='word_1_164' title='bbox 1271 1328 1636 1370; x_wconf 84' lang='lat' dir='ltr'>monumenta,</span> <span class='ocrx_word' id='word_1_165' title='bbox 1679 1317 1863 1380; x_wconf 90' lang='lat' dir='ltr'>quibus</span> 
     </span>
     <span class='ocr_line' id='line_1_20' title="bbox 92 1373 1862 1443; baseline -0.001 -17"><span class='ocrx_word' id='word_1_166' title='bbox 92 1377 355 1428; x_wconf 76' lang='lat' dir='ltr'>Platones,</span> <span class='ocrx_word' id='word_1_167' title='bbox 381 1373 713 1437; x_wconf 82' lang='lat' dir='ltr'>Pythagoras,</span> <span class='ocrx_word' id='word_1_168' title='bbox 741 1373 995 1424; x_wconf 76' lang='lat' dir='ltr'>Socrates,</span> <span class='ocrx_word' id='word_1_169' title='bbox 1016 1375 1066 1422; x_wconf 77' lang='lat' dir='ltr'>&lt;Sc</span> <span class='ocrx_word' id='word_1_170' title='bbox 1095 1374 1369 1437; x_wconf 83' lang='lat' dir='ltr'>Stagiritas‚</span> <span class='ocrx_word' id='word_1_171' title='bbox 1393 1377 1530 1425; x_wconf 83' lang='lat' dir='ltr'>velut</span> <span class='ocrx_word' id='word_1_172' title='bbox 1557 1380 1862 1443; x_wconf 83' lang='lat' dir='ltr'>Regnorum</span> 
     </span>
     <span class='ocr_line' id='line_1_21' title="bbox 96 1434 1864 1504; baseline 0 -16"><span class='ocrx_word' id='word_1_173' title='bbox 96 1439 350 1490; x_wconf 76' lang='lat' dir='ltr'>Atlantes,</span> <span class='ocrx_word' id='word_1_174' title='bbox 375 1437 673 1486; x_wconf 79' lang='lat' dir='ltr'>adoraverat</span> <span class='ocrx_word' id='word_1_175' title='bbox 693 1435 828 1484; x_wconf 89' lang='lat' dir='ltr'>orbis</span> <span class='ocrx_word' id='word_1_176' title='bbox 843 1469 856 1489; x_wconf 82' lang='lat'>‚</span> <span class='ocrx_word' id='word_1_177' title='bbox 879 1434 1116 1499; x_wconf 86' lang='lat' dir='ltr'>insculpta</span> <span class='ocrx_word' id='word_1_178' title='bbox 1136 1437 1324 1500; x_wconf 89' lang='lat' dir='ltr'>ubique</span> <span class='ocrx_word' id='word_1_179' title='bbox 1345 1440 1635 1504; x_wconf 80' lang='lat' dir='ltr'>epigraphe:</span> <span class='ocrx_word' id='word_1_180' title='bbox 1681 1455 1773 1488; x_wconf 80' lang='lat' dir='ltr'>tum</span> <span class='ocrx_word' id='word_1_181' title='bbox 1793 1446 1864 1489; x_wconf 67' lang='lat' dir='ltr'>de·-</span> 
     </span>
     <span class='ocr_line' id='line_1_22' title="bbox 27 1498 1863 1565; baseline 0.003 -18"><span class='ocrx_word' id='word_1_182' title='bbox 27 1516 30 1519; x_wconf 84' lang='grc'><em>·</em></span> <span class='ocrx_word' id='word_1_183' title='bbox 97 1518 212 1547; x_wconf 77' lang='lat' dir='ltr'>mum</span> <span class='ocrx_word' id='word_1_184' title='bbox 246 1499 392 1546; x_wconf 77' lang='lat' dir='ltr'>beatas</span> <span class='ocrx_word' id='word_1_185' title='bbox 404 1499 506 1558; x_wconf 72' lang='lat' dir='ltr'>fbre</span> <span class='ocrx_word' id='word_1_186' title='bbox 536 1498 835 1559; x_wconf 57' lang='lat' dir='ltr'>Respublica,</span> <span class='ocrx_word' id='word_1_187' title='bbox 861 1498 956 1544; x_wconf 59' lang='lat' dir='ltr'>cam</span> <span class='ocrx_word' id='word_1_188' title='bbox 982 1500 1056 1544; x_wconf 79' lang='lat' dir='ltr'>vel</span> <span class='ocrx_word' id='word_1_189' title='bbox 1084 1499 1327 1560; x_wconf 64' lang='lat' dir='ltr'>Philofiaphi</span> <span class='ocrx_word' id='word_1_190' title='bbox 1355 1516 1605 1560; x_wconf 74' lang='lat' dir='ltr'>regnarent,</span> <span class='ocrx_word' id='word_1_191' title='bbox 1632 1506 1707 1552; x_wconf 81' lang='lat' dir='ltr'>vel</span> <span class='ocrx_word' id='word_1_192' title='bbox 1725 1508 1863 1565; x_wconf 81' lang='lat' dir='ltr'>Reges</span> 
     </span>
     <span class='ocr_line' id='line_1_23' title="bbox 91 1559 1863 1626; baseline 0.005 -16"><span class='ocrx_word' id='word_1_193' title='bbox 91 1564 500 1626; x_wconf 73' lang='lat' dir='ltr'>philosopharentur.</span> <span class='ocrx_word' id='word_1_194' title='bbox 570 1559 686 1611; x_wconf 83' lang='lat' dir='ltr'>Imo</span> <span class='ocrx_word' id='word_1_195' title='bbox 710 1564 790 1611; x_wconf 77' lang='lat' dir='ltr'>vel</span> <span class='ocrx_word' id='word_1_196' title='bbox 810 1560 918 1626; x_wconf 84' lang='lat' dir='ltr'>ipfis</span> <span class='ocrx_word' id='word_1_197' title='bbox 941 1563 1077 1610; x_wconf 86' lang='lat' dir='ltr'>caecis</span> <span class='ocrx_word' id='word_1_198' title='bbox 1097 1562 1161 1611; x_wconf 88' lang='lat' dir='ltr'>ad</span> <span class='ocrx_word' id='word_1_199' title='bbox 1189 1564 1398 1612; x_wconf 89' lang='lat' dir='ltr'>oculum</span> <span class='ocrx_word' id='word_1_200' title='bbox 1422 1564 1526 1614; x_wconf 87' lang='lat' dir='ltr'>hoc</span> <span class='ocrx_word' id='word_1_201' title='bbox 1550 1565 1863 1617; x_wconf 83' lang='lat' dir='ltr'>demonstrat</span> 
     </span>
     <span class='ocr_line' id='line_1_24' title="bbox 96 1624 1865 1692; baseline 0.003 -17"><span class='ocrx_word' id='word_1_202' title='bbox 96 1627 253 1675; x_wconf 62' lang='lat' dir='ltr'>fictilis</span> <span class='ocrx_word' id='word_1_203' title='bbox 277 1626 485 1691; x_wconf 53' lang='lat' dir='ltr'>EpicOEeti</span> <span class='ocrx_word' id='word_1_204' title='bbox 505 1625 734 1679; x_wconf 86' lang='lat' dir='ltr'>lucerna,</span> <span class='ocrx_word' id='word_1_205' title='bbox 762 1640 870 1687; x_wconf 83' lang='lat' dir='ltr'>quae</span> <span class='ocrx_word' id='word_1_206' title='bbox 898 1624 925 1673; x_wconf 76' lang='lat' dir='ltr'>a</span> <span class='ocrx_word' id='word_1_207' title='bbox 955 1626 1174 1689; x_wconf 87' lang='lat' dir='ltr'>pretioso</span> <span class='ocrx_word' id='word_1_208' title='bbox 1204 1626 1517 1692; x_wconf 87' lang='lat' dir='ltr'>Philosopho</span> <span class='ocrx_word' id='word_1_209' title='bbox 1547 1642 1744 1680; x_wconf 86' lang='lat' dir='ltr'>tantum</span> <span class='ocrx_word' id='word_1_210' title='bbox 1778 1633 1865 1681; x_wconf 86' lang='lat' dir='ltr'>ha-</span> 
     </span>
     <span class='ocr_line' id='line_1_25' title="bbox 96 1688 1865 1753; baseline 0.003 -14"><span class='ocrx_word' id='word_1_211' title='bbox 96 1691 203 1739; x_wconf 89' lang='lat' dir='ltr'>buit</span> <span class='ocrx_word' id='word_1_212' title='bbox 224 1691 274 1737; x_wconf 89' lang='lat' dir='ltr'>in</span> <span class='ocrx_word' id='word_1_213' title='bbox 299 1689 424 1736; x_wconf 86' lang='lat' dir='ltr'>orbe</span> <span class='ocrx_word' id='word_1_214' title='bbox 444 1691 684 1753; x_wconf 84' lang='lat' dir='ltr'>pretium,</span> <span class='ocrx_word' id='word_1_215' title='bbox 709 1701 764 1736; x_wconf 88' lang='lat' dir='ltr'>ut</span> <span class='ocrx_word' id='word_1_216' title='bbox 781 1689 916 1737; x_wconf 89' lang='lat' dir='ltr'>illam</span> <span class='ocrx_word' id='word_1_217' title='bbox 934 1722 947 1744; x_wconf 88' lang='lat'>‚</span> <span class='ocrx_word' id='word_1_218' title='bbox 967 1688 1120 1737; x_wconf 88' lang='lat' dir='ltr'>tribus</span> <span class='ocrx_word' id='word_1_219' title='bbox 1139 1689 1493 1740; x_wconf 84' lang='lat' dir='ltr'>drachmarum</span> <span class='ocrx_word' id='word_1_220' title='bbox 1514 1695 1758 1746; x_wconf 87' lang='lat' dir='ltr'>millibus,</span> <span class='ocrx_word' id='word_1_221' title='bbox 1783 1711 1865 1744; x_wconf 88' lang='lat' dir='ltr'>or-</span> 
     </span>
     <span class='ocr_line' id='line_1_26' title="bbox 98 1752 1861 1823; baseline 0.003 -21"><span class='ocrx_word' id='word_1_222' title='bbox 98 1753 171 1802; x_wconf 86' lang='lat' dir='ltr'>bis</span> <span class='ocrx_word' id='word_1_223' title='bbox 211 1754 461 1816; x_wconf 80' lang='lat' dir='ltr'>Principes</span> <span class='ocrx_word' id='word_1_224' title='bbox 494 1753 822 1800; x_wconf 81' lang='lat' dir='ltr'>licitarentur:</span> <span class='ocrx_word' id='word_1_225' title='bbox 879 1755 928 1801; x_wconf 69' lang='grc' dir='ltr'>ὅ(</span> <span class='ocrx_word' id='word_1_226' title='bbox 968 1752 1090 1816; x_wconf 90' lang='lat' dir='ltr'>quid</span> <span class='ocrx_word' id='word_1_227' title='bbox 1119 1752 1245 1801; x_wconf 77' lang='lat' dir='ltr'>ultra</span> <span class='ocrx_word' id='word_1_228' title='bbox 1280 1766 1416 1817; x_wconf 86' lang='lat' dir='ltr'>petas</span> <span class='ocrx_word' id='word_1_229' title='bbox 1444 1756 1508 1804; x_wconf 90' lang='lat' dir='ltr'>ad</span> <span class='ocrx_word' id='word_1_230' title='bbox 1527 1757 1861 1823; x_wconf 73' lang='lat' dir='ltr'>Philosophiae</span> 
     </span>
     <span class='ocr_line' id='line_1_27' title="bbox 97 1814 1863 1886; baseline 0.003 -21"><span class='ocrx_word' id='word_1_231' title='bbox 97 1815 608 1865; x_wconf 85' lang='lat' dir='ltr'>commendationem</span> <span class='ocrx_word' id='word_1_232' title='bbox 633 1816 714 1864; x_wconf 75' lang='lat' dir='ltr'>vel</span> <span class='ocrx_word' id='word_1_233' title='bbox 735 1814 981 1864; x_wconf 84' lang='lat' dir='ltr'>efficacius</span> <span class='ocrx_word' id='word_1_234' title='bbox 1005 1815 1081 1864; x_wconf 89' lang='lat' dir='ltr'>vel</span> <span class='ocrx_word' id='word_1_235' title='bbox 1101 1815 1391 1886; x_wconf 68' lang='lat' dir='ltr'>gloriosius?</span> <span class='ocrx_word' id='word_1_236' title='bbox 1441 1818 1476 1867; x_wconf 86' lang='lat' dir='ltr'>fi</span> <span class='ocrx_word' id='word_1_237' title='bbox 1506 1836 1627 1885; x_wconf 86' lang='lat' dir='ltr'>crgo</span> <span class='ocrx_word' id='word_1_238' title='bbox 1651 1822 1863 1870; x_wconf 86' lang='lat' dir='ltr'>censuris</span> 
     </span>
     <span class='ocr_line' id='line_1_28' title="bbox 98 1878 1865 1944; baseline 0.003 -16"><span class='ocrx_word' id='word_1_239' title='bbox 98 1879 368 1928; x_wconf 86' lang='lat' dir='ltr'>fulminant</span> <span class='ocrx_word' id='word_1_240' title='bbox 386 1878 550 1927; x_wconf 57' lang='lat' dir='ltr'>Sancti</span> <span class='ocrx_word' id='word_1_241' title='bbox 573 1879 761 1929; x_wconf 85' lang='lat' dir='ltr'>Patres,</span> <span class='ocrx_word' id='word_1_242' title='bbox 788 1892 969 1927; x_wconf 83' lang='lat' dir='ltr'>tremat</span> <span class='ocrx_word' id='word_1_243' title='bbox 998 1879 1184 1944; x_wconf 78' lang='lat' dir='ltr'>spuria,</span> <span class='ocrx_word' id='word_1_244' title='bbox 1205 1880 1290 1929; x_wconf 92' lang='lat' dir='ltr'>sub</span> <span class='ocrx_word' id='word_1_245' title='bbox 1318 1881 1462 1930; x_wconf 88' lang='lat' dir='ltr'>lauro</span> <span class='ocrx_word' id='word_1_246' title='bbox 1488 1880 1580 1932; x_wconf 87' lang='lat' dir='ltr'>stat</span> <span class='ocrx_word' id='word_1_247' title='bbox 1607 1900 1749 1939; x_wconf 80' lang='lat' dir='ltr'>vera,</span> <span class='ocrx_word' id='word_1_248' title='bbox 1773 1882 1865 1934; x_wconf 91' lang='lat' dir='ltr'>sta-</span> 
     </span>
     <span class='ocr_line' id='line_1_29' title="bbox 98 1938 1865 2006; baseline 0.003 -15"><span class='ocrx_word' id='word_1_249' title='bbox 98 1938 274 2005; x_wconf 77' lang='lat' dir='ltr'>bitque</span> <span class='ocrx_word' id='word_1_250' title='bbox 300 1942 492 2006; x_wconf 80' lang='lat' dir='ltr'>semper</span> <span class='ocrx_word' id='word_1_251' title='bbox 513 1941 857 2006; x_wconf 87' lang='lat' dir='ltr'>Philosophia:</span> <span class='ocrx_word' id='word_1_252' title='bbox 894 1958 1003 1991; x_wconf 93' lang='lat' dir='ltr'>non</span> <span class='ocrx_word' id='word_1_253' title='bbox 1029 1943 1165 1990; x_wconf 86' lang='lat' dir='ltr'>enim</span> <span class='ocrx_word' id='word_1_254' title='bbox 1186 1939 1273 1992; x_wconf 88' lang='lat' dir='ltr'>ista</span> <span class='ocrx_word' id='word_1_255' title='bbox 1297 1943 1538 1995; x_wconf 84' lang='lat' dir='ltr'>haeresum</span> <span class='ocrx_word' id='word_1_256' title='bbox 1558 1948 1753 2003; x_wconf 85' lang='lat' dir='ltr'>Mater,</span> <span class='ocrx_word' id='word_1_257' title='bbox 1781 1948 1865 1997; x_wconf 90' lang='lat' dir='ltr'>sed</span> 
     </span>
     <span class='ocr_line' id='line_1_30' title="bbox 97 2005 1867 2074; baseline 0.004 -20"><span class='ocrx_word' id='word_1_258' title='bbox 97 2006 334 2059; x_wconf 82' lang='lat' dir='ltr'>malleus,</span> <span class='ocrx_word' id='word_1_259' title='bbox 353 2021 462 2053; x_wconf 92' lang='lat' dir='ltr'>non</span> <span class='ocrx_word' id='word_1_260' title='bbox 483 2006 724 2053; x_wconf 79' lang='lat' dir='ltr'>vitiorum</span> <span class='ocrx_word' id='word_1_261' title='bbox 756 2007 919 2054; x_wconf 84' lang='lat' dir='ltr'>nutrix</span> <span class='ocrx_word' id='word_1_262' title='bbox 941 2039 956 2060; x_wconf 89' lang='lat'>‚</span> <span class='ocrx_word' id='word_1_263' title='bbox 981 2005 1063 2055; x_wconf 92' lang='lat' dir='ltr'>sed</span> <span class='ocrx_word' id='word_1_264' title='bbox 1094 2007 1355 2056; x_wconf 85' lang='lat' dir='ltr'>virtutum.</span> <span class='ocrx_word' id='word_1_265' title='bbox 1422 2011 1621 2074; x_wconf 87' lang='lat' dir='ltr'>Experti</span> <span class='ocrx_word' id='word_1_266' title='bbox 1648 2010 1754 2061; x_wconf 88' lang='lat' dir='ltr'>hoc</span> <span class='ocrx_word' id='word_1_267' title='bbox 1785 2012 1867 2060; x_wconf 81' lang='lat' dir='ltr'>sae-</span> 
     </span>
     <span class='ocr_line' id='line_1_31' title="bbox 98 2065 1865 2136; baseline 0.004 -19"><span class='ocrx_word' id='word_1_268' title='bbox 98 2071 206 2133; x_wconf 88' lang='lat' dir='ltr'>pius</span> <span class='ocrx_word' id='word_1_269' title='bbox 231 2067 424 2117; x_wconf 86' lang='lat' dir='ltr'>Islebici</span> <span class='ocrx_word' id='word_1_270' title='bbox 442 2065 710 2132; x_wconf 75' lang='lat' dir='ltr'>Sophistae,</span> <span class='ocrx_word' id='word_1_271' title='bbox 740 2068 858 2118; x_wconf 89' lang='lat' dir='ltr'>hinc</span> <span class='ocrx_word' id='word_1_272' title='bbox 881 2068 1077 2135; x_wconf 86' lang='lat' dir='ltr'>philoso</span> <span class='ocrx_word' id='word_1_273' title='bbox 1114 2069 1289 2118; x_wconf 86' lang='lat' dir='ltr'>hicum</span> <span class='ocrx_word' id='word_1_274' title='bbox 1312 2072 1532 2136; x_wconf 85' lang='lat' dir='ltr'>lapidem</span> <span class='ocrx_word' id='word_1_275' title='bbox 1560 2074 1685 2123; x_wconf 89' lang='lat' dir='ltr'>dum</span> <span class='ocrx_word' id='word_1_276' title='bbox 1707 2076 1865 2124; x_wconf 88' lang='lat' dir='ltr'>veluti</span> 
     </span>
     <span class='ocr_line' id='line_1_32' title="bbox 97 2130 1864 2197; baseline 0.003 -17"><span class='ocrx_word' id='word_1_277' title='bbox 97 2132 319 2197; x_wconf 88' lang='lat' dir='ltr'>Lydium</span> <span class='ocrx_word' id='word_1_278' title='bbox 339 2130 611 2194; x_wconf 84' lang='lat' dir='ltr'>reprobant</span> <span class='ocrx_word' id='word_1_279' title='bbox 626 2164 638 2185; x_wconf 81' lang='lat'>‚</span> <span class='ocrx_word' id='word_1_280' title='bbox 658 2132 894 2194; x_wconf 82' lang='lat' dir='ltr'>probant.</span> <span class='ocrx_word' id='word_1_281' title='bbox 985 2136 1061 2182; x_wconf 90' lang='lat' dir='ltr'>Te</span> <span class='ocrx_word' id='word_1_282' title='bbox 1106 2145 1249 2181; x_wconf 88' lang='lat' dir='ltr'>antur</span> <span class='ocrx_word' id='word_1_283' title='bbox 1269 2134 1497 2184; x_wconf 85' lang='lat' dir='ltr'>lunaticae</span> <span class='ocrx_word' id='word_1_284' title='bbox 1518 2137 1864 2188; x_wconf 86' lang='lat' dir='ltr'>Machometis</span> 
     </span>
     <span class='ocr_line' id='line_1_33' title="bbox 99 2194 1864 2265; baseline 0.005 -23"><span class='ocrx_word' id='word_1_285' title='bbox 99 2195 299 2260; x_wconf 85' lang='lat' dir='ltr'>Talpae‚</span> <span class='ocrx_word' id='word_1_286' title='bbox 324 2209 434 2256; x_wconf 85' lang='lat' dir='ltr'>quae</span> <span class='ocrx_word' id='word_1_287' title='bbox 457 2196 573 2256; x_wconf 85' lang='lat' dir='ltr'>quia</span> <span class='ocrx_word' id='word_1_288' title='bbox 596 2194 788 2259; x_wconf 82' lang='lat' dir='ltr'>Talpae,</span> <span class='ocrx_word' id='word_1_289' title='bbox 812 2210 1043 2245; x_wconf 86' lang='lat' dir='ltr'>errorum</span> <span class='ocrx_word' id='word_1_290' title='bbox 1068 2208 1310 2252; x_wconf 77' lang='lat' dir='ltr'>amante5‚</span> <span class='ocrx_word' id='word_1_291' title='bbox 1333 2197 1666 2265; x_wconf 83' lang='lat' dir='ltr'>Philosophiae</span> <span class='ocrx_word' id='word_1_292' title='bbox 1692 2203 1864 2251; x_wconf 89' lang='lat' dir='ltr'>lucem</span> 
     </span>
     <span class='ocr_line' id='line_1_34' title="bbox 101 2257 1861 2328; baseline 0.004 -23"><span class='ocrx_word' id='word_1_293' title='bbox 101 2263 151 2310; x_wconf 73' lang='grc' dir='ltr'>ὃς</span> <span class='ocrx_word' id='word_1_294' title='bbox 170 2257 369 2321; x_wconf 88' lang='lat' dir='ltr'>fugiunt</span> <span class='ocrx_word' id='word_1_295' title='bbox 386 2290 400 2310; x_wconf 87' lang='lat'>‚</span> <span class='ocrx_word' id='word_1_296' title='bbox 432 2259 480 2307; x_wconf 65' lang='grc' dir='ltr'>ὃς</span> <span class='ocrx_word' id='word_1_297' title='bbox 503 2269 859 2306; x_wconf 88' lang='lat' dir='ltr'>contemnunt.</span> <span class='ocrx_word' id='word_1_298' title='bbox 943 2260 1046 2325; x_wconf 89' lang='lat' dir='ltr'>Ipse</span> <span class='ocrx_word' id='word_1_299' title='bbox 1070 2261 1294 2319; x_wconf 87' lang='lat' dir='ltr'>Julianus</span> <span class='ocrx_word' id='word_1_300' title='bbox 1319 2258 1567 2326; x_wconf 85' lang='lat' dir='ltr'>Apostata</span> <span class='ocrx_word' id='word_1_301' title='bbox 1597 2281 1861 2328; x_wconf 86' lang='lat' dir='ltr'>nunquam</span> 
     </span>
     <span class='ocr_line' id='line_1_35' title="bbox 99 2317 1869 2389; baseline 0.005 -22"><span class='ocrx_word' id='word_1_302' title='bbox 99 2319 260 2384; x_wconf 76' lang='lat' dir='ltr'>magis</span> <span class='ocrx_word' id='word_1_303' title='bbox 295 2317 363 2368; x_wconf 89' lang='lat' dir='ltr'>est</span> <span class='ocrx_word' id='word_1_304' title='bbox 393 2319 671 2384; x_wconf 87' lang='lat' dir='ltr'>persecutus</span> <span class='ocrx_word' id='word_1_305' title='bbox 703 2320 1000 2377; x_wconf 73' lang='lat' dir='ltr'>Ecclesiam,</span> <span class='ocrx_word' id='word_1_306' title='bbox 1036 2322 1192 2386; x_wconf 75' lang='lat' dir='ltr'>quam</span> <span class='ocrx_word' id='word_1_307' title='bbox 1222 2325 1306 2372; x_wconf 84' lang='lat' dir='ltr'>ubi</span> <span class='ocrx_word' id='word_1_308' title='bbox 1335 2326 1613 2389; x_wconf 89' lang='lat' dir='ltr'>persecutus</span> <span class='ocrx_word' id='word_1_309' title='bbox 1641 2328 1869 2377; x_wconf 80' lang='lat' dir='ltr'>Philoso-</span> 
     </span>
     <span class='ocr_line' id='line_1_36' title="bbox 99 2379 1867 2452; baseline 0.005 -21"><span class='ocrx_word' id='word_1_310' title='bbox 99 2386 299 2451; x_wconf 81' lang='lat' dir='ltr'>phiam,</span> <span class='ocrx_word' id='word_1_311' title='bbox 321 2383 446 2431; x_wconf 89' lang='lat' dir='ltr'>dum</span> <span class='ocrx_word' id='word_1_312' title='bbox 468 2383 603 2431; x_wconf 84' lang='lat' dir='ltr'>illam</span> <span class='ocrx_word' id='word_1_313' title='bbox 620 2379 647 2431; x_wconf 78' lang='grc' dir='ltr'>ὲ</span> <span class='ocrx_word' id='word_1_314' title='bbox 667 2381 949 2434; x_wconf 83' lang='lat' dir='ltr'>Christiano</span> <span class='ocrx_word' id='word_1_315' title='bbox 974 2387 1101 2435; x_wconf 90' lang='lat' dir='ltr'>orbe</span> <span class='ocrx_word' id='word_1_316' title='bbox 1133 2387 1426 2452; x_wconf 80' lang='lat' dir='ltr'>proscripsit.</span> <span class='ocrx_word' id='word_1_317' title='bbox 1509 2391 1662 2447; x_wconf 84' lang='lat' dir='ltr'>Cujus</span> <span class='ocrx_word' id='word_1_318' title='bbox 1693 2391 1867 2440; x_wconf 83' lang='lat' dir='ltr'>Muso-</span> 
     </span>
     <span class='ocr_line' id='line_1_37' title="bbox 101 2444 1865 2522; baseline 0.002 -25"><span class='ocrx_word' id='word_1_319' title='bbox 101 2444 318 2522; x_wconf 75' lang='lat' dir='ltr'>mastigis</span> <span class='ocrx_word' id='word_1_320' title='bbox 342 2448 643 2512; x_wconf 87' lang='lat' dir='ltr'>vituperium</span> <span class='ocrx_word' id='word_1_321' title='bbox 664 2449 887 2503; x_wconf 86' lang='lat' dir='ltr'>unicum,</span> <span class='ocrx_word' id='word_1_322' title='bbox 901 2446 971 2498; x_wconf 91' lang='lat' dir='ltr'>est</span> <span class='ocrx_word' id='word_1_323' title='bbox 987 2453 1174 2515; x_wconf 85' lang='lat' dir='ltr'>grande</span> <span class='ocrx_word' id='word_1_324' title='bbox 1197 2451 1400 2502; x_wconf 85' lang='lat' dir='ltr'>Philoso</span> <span class='ocrx_word' id='word_1_325' title='bbox 1437 2451 1527 2502; x_wconf 83' lang='lat' dir='ltr'>hiae</span> <span class='ocrx_word' id='word_1_326' title='bbox 1541 2456 1834 2503; x_wconf 83' lang='lat' dir='ltr'>encomium</span> <span class='ocrx_word' id='word_1_327' title='bbox 1850 2486 1865 2506; x_wconf 87' lang='lat'>‚</span> 
     </span>
     <span class='ocr_line' id='line_1_38' title="bbox 103 2507 1867 2634; baseline 0 -73"><span class='ocrx_word' id='word_1_328' title='bbox 103 2509 676 2634; x_wconf 49' lang='lat' dir='ltr'>eopuod3Nazianceno</span> <span class='ocrx_word' id='word_1_329' title='bbox 698 2507 834 2564; x_wconf 84' lang='lat' dir='ltr'>teste,</span> <span class='ocrx_word' id='word_1_330' title='bbox 855 2514 964 2560; x_wconf 73' lang='lat' dir='ltr'>nihil</span> <span class='ocrx_word' id='word_1_331' title='bbox 975 2531 1174 2579; x_wconf 81' lang='lat' dir='ltr'>unquam,</span> <span class='ocrx_word' id='word_1_332' title='bbox 1194 2517 1383 2579; x_wconf 75' lang='lat' dir='ltr'>nzfigran-</span> <span class='ocrx_word' id='word_1_333' title='bbox 1413 2516 1596 2565; x_wconf 76' lang='lat' dir='ltr'>ebonum</span> <span class='ocrx_word' id='word_1_334' title='bbox 1616 2520 1867 2576; x_wconf 52' lang='lat' dir='ltr'>vituperare</span> 
     </span>
     <span class='ocr_line' id='line_1_39' title="bbox 100 2586 378 2622; baseline -0.007 0"><span class='ocrx_word' id='word_1_335' title='bbox 100 2592 174 2622; x_wconf 67' lang='lat' dir='ltr'>eon</span> <span class='ocrx_word' id='word_1_336' title='bbox 191 2586 378 2622; x_wconf 52' lang='lat' dir='ltr'>lieven?-</span> 
     </span>
    </p>
   </div>
   <div class='ocr_carea' id='block_1_3' title="bbox 890 2638 1803 2699">
    <p class='ocr_par' dir='ltr' id='par_1_3' title="bbox 890 2638 1803 2699">
     <span class='ocr_line' id='line_1_40' title="bbox 890 2638 1803 2699; baseline -0.01 1"><span class='ocrx_word' id='word_1_337' title='bbox 890 2638 946 2690; x_wconf 74' lang='grc' dir='ltr'><strong>Α</strong></span> <span class='ocrx_word' id='word_1_338' title='bbox 981 2653 1005 2699; x_wconf 86' lang='lat'><em>3</em></span> <span class='ocrx_word' id='word_1_339' title='bbox 1603 2642 1803 2696; x_wconf 82' lang='lat' dir='ltr'>LEUC:</span> 
     </span>
    </p>
   </div>
  </div>
 </body>
</html>
