2175 2911
364 97 459 149 ³190
967 91 1111 141 filomi
1139 88 1347 146 fenestra.

306 193 527 232 amatam
552 196 567 235 ς
617 178 739 232 cirin
767 194 861 232 nec
887 181 971 248 ipfi
1000 184 1352 234 blandimentis
1381 180 1580 233 favores
1610 183 1938 240 mendicent,
1961 184 2044 236 sed

307 261 403 310 pro
431 247 616 295 meritis
638 246 937 311 exspedtent,
957 249 1006 297 &
1031 245 1312 313 postulent:
1351 248 1573 298 Genium
1591 249 1789 298 notabis
1814 249 2048 298 ambitio-

308 310 413 359 stim
429 343 441 363 ‚
465 309 675 358 honoris
695 310 961 375 cupidum,
986 311 1342 369 jactabundum
1373 313 1422 361 ὃς
1451 325 1798 376 arrogantem:
1836 311 2048 360 choleri-

306 375 372 421 cis
394 375 662 437 praeprimis
681 375 942 438 proprium
967 371 1201 423 aestimare
1225 375 1305 423 sua
1320 409 1332 425 ‚
1354 387 1682 423 contemnere
1704 377 1861 423 aliena
1879 393 1889 422 ε
1909 377 2048 423 inna-

305 449 445 490 tum,
467 436 664 484 eluCtari
695 436 759 492 ad
778 436 1000 490 summa,
1022 453 1114 485 nec
1143 439 1388 499 quiescere
1415 437 1501 485 nifi
1524 440 1576 485 in
1599 440 1784 489 vertice
1814 438 2042 502 Olympi.

306 501 365 549 In
388 515 567 547 amore
588 499 893 548 ominaberis
916 501 1115 549 tardum
1130 534 1143 555 ,
1167 503 1281 562 quia
1299 499 1582 549 turbidum:
1620 500 1654 549 fi
1672 514 1842 549 tamen
1862 502 2043 564 ignito,

306 575 580 628 conceptus
620 562 927 627 superveniat
961 565 1109 628 ignis,
1134 563 1575 618 oelavunioeredo,
1595 563 1839 629 superaret
1865 563 2046 612 caloris

305 626 547 689 gradum,
574 625 608 674 fi
638 624 818 690 posset:
855 628 1122 691 praeprimis
1155 628 1396 675 tamenin
1423 629 1514 676 iras
1546 627 1679 675 dices
1713 628 2042 691 praecipitem:

295 690 499 754 ,semper
519 689 680 737 fumat
694 723 706 742 ‚
727 692 777 739 ὅ(
798 687 832 737 fi
859 689 1096 738 fomitem
1121 691 1334 753 praebeat
1357 690 1694 739 melancholia
1708 723 1722 744 ‚
1742 692 1891 738 etiam
1910 689 2047 742 furit,

307 751 519 814 t-ota‘qua
554 752 741 800 crustat
781 752 1008 800 incendia
1042 753 1284 802 Vesuvius
1318 752 1727 802 cliolericorum:
1774 751 2049 801 ambitiosis

305 815 545 872 conlilijs,
570 831 691 864 cave
706 849 718 870 ,
739 815 945 864 obicem
969 831 1152 880 ponas,
1173 832 1293 864 nam
1315 816 1622 864 retardatum
1645 813 1804 879 magis
1824 815 1956 864 furet
1976 817 2049 862 in-

302 878 567 930 cendium,
589 878 638 929 ὅ(
667 880 717 926 in
745 879 982 928 viiidi&as
1009 879 1345 943 implacabiles
1378 891 1625 943 erumpet.
1724 879 1884 931 Vide,
1907 894 1972 925 ne
1991 877 2047 926 fi-

303 942 420 989 das:
458 940 611 1003 quam
643 941 728 989 diu
765 941 876 990 sunt
902 941 1178 995 ambitiosi,
1214 955 1318 990 tarn
1350 942 1436 991 diu
1464 943 1573 991 sunt
1605 940 1857 993 iracundi,
1898 940 1949 988 id
1976 937 2046 990 cst

301 1004 519 1069 semper:
556 1005 606 1051 in
623 1004 721 1059 aliis
743 1004 852 1052 sunt
871 1002 1224 1057 inconstantes,
1246 1007 1297 1051 in
1314 1007 1385 1051 ira
1409 999 1798 1051 constantiffime
1821 1003 2046 1051 feroces:

300 1083 410 1115 non
436 1068 724 1117 remittunt,
746 1066 826 1112 sed
853 1065 939 1112 sub
966 1068 1187 1111 memori
1212 1068 1378 1112 cinere
1400 1067 1571 1127 ignem
1589 1066 1641 1111 in
1669 1064 1860 1111 multos
1884 1081 2047 1113 annos

301 1130 576 1179 occultant,
597 1125 815 1187 dataque
845 1125 1113 1172 occasione
1144 1124 1411 1173 nocentius
1440 1125 1651 1176 feriunt,
1673 1124 1780 1187 quo
1805 1128 2048 1175 innocen-

299 1190 394 1238 tius
417 1184 748 1252 negliguntur.
817 1187 1073 1236 Caeterum
1097 1189 1307 1251 Ingenio
1330 1188 1461 1235 dices
1485 1185 1868 1254 praestatutam&
1892 1188 1925 1236 fi
1941 1192 2046 1253 Na-

299 1249 412 1301 tura
432 1251 599 1301 videas
621 1266 861 1314 «parvum,
886 1250 1018 1298 dices
1041 1253 1191 1298 etiam
1219 1248 1664 1315 praestantissimum
1680 1284 1694 1305 ,
1721 1254 1836 1313 quia
1855 1253 2048 1300 celerri-

299 1331 474 1368 mum,
499 1313 554 1362 ut
574 1312 731 1362 fidem
759 1313 876 1361 facit
895 1313 1242 1377 Philosophus.
1311 1316 1442 1362 Hinc
1464 1312 1558 1368 est,
1583 1314 1728 1377 quod
1757 1318 2046 1370 excitatum,

301 1382 352 1428 ὅ(
372 1391 670 1443 promptum
689 1378 938 1440 augureris
961 1378 1012 1423 in
1039 1376 1264 1439 agendo,
1287 1376 1320 1426 fi
1344 1390 1513 1425 tamen
1537 1381 1652 1442 agit,
1676 1381 1725 1428 ὅ(
1748 1394 1854 1426 non
1877 1377 2048 1442 potius

300 1443 494 1505 impet-u
512 1449 783 1488 temerario
813 1441 1011 1502 rapitur.
1094 1439 1256 1505 Quod
1276 1442 1412 1487 enim
1433 1441 1589 1493 volet,
1605 1439 1708 1489 cito
1734 1441 1887 1494 volet,
1908 1445 1957 1492 ὅ(
1982 1442 2049 1490 se-

303 1502 407 1555 rio;
438 1503 519 1550 sed
551 1499 915 1550 inconstanter:
953 1517 1072 1549 nani
1094 1502 1472 1551 cholericorum
1493 1504 1766 1568 proposita,
1792 1501 1941 1568 stupae
1973 1507 2048 1553 in-

304 1563 696 1619 star,moment6
716 1567 766 1613 in
789 1565 1052 1612 flammam
1074 1565 1285 1618 abeunt,
1311 1568 1360 1615 ὃς
1382 1569 1751 1631 extinguuntur.
1831 1567 1994 1631 Qod
2011 1567 2049 1616 fi

304 1628 412 1676 bilis
431 1640 531 1676 atra
553 1627 719 1676 firmet
753 1625 1032 1676 instabilem
1051 1628 1330 1676 Protheum
1347 1661 1361 1681 ,
1380 1641 1501 1677 tunc
1531 1626 1793 1677 enimvero
1831 1631 1962 1677 dices
1990 1633 2045 1678 in

304 1691 555 1755 capiendis
588 1690 851 1755 propositis
881 1691 1123 1745 celerem,
1144 1690 1301 1739 sedin
1323 1691 1589 1738 retinendis
1625 1690 1783 1754 magis
1815 1689 2047 1741 constan-

304 1766 436 1802 tem:
474 1754 605 1802 dices
627 1788 640 1808 ‚
674 1754 911 1803 laborum
951 1766 1209 1802 amantem
1229 1787 1242 1807 ,
1271 1755 1424 1801 animi
1458 1753 1744 1802 celsitudine
1766 1754 2044 1816 Aquilam,

303 1816 631 1881 generositate
650 1820 908 1866 Leonem:
934 1817 1064 1864 dices
1085 1819 1137 1865 in
1166 1816 1338 1865 dandis
1367 1816 1578 1873 consiliis
1599 1816 1836 1879 Ulyssem,
1859 1820 1910 1864 in
1939 1833 2048 1865 exe-

300 1880 509 1942 quendis
556 1880 812 1929 Achillem
836 1913 849 1934 ,
888 1882 940 1928 in
980 1879 1336 1943 perfringendis
1379 1879 1749 1928 difficultatibus
1787 1882 2047 1943 magnani-

299 1958 446 1992 mum
475 1944 751 1992 Hectorem
776 1974 790 1997 ,
822 1946 872 1993 ὅ(
899 1944 981 1992 vel
1011 1941 1130 1992 ideo
1160 1943 1224 1991 ad
1249 1944 1467 1991 maxima
1495 1957 1707 2005 quaeque
1734 1943 2044 2007 Reipublicae

302 2007 475 2054 munia
502 2020 677 2055 natum
691 2040 705 2060 ,
728 2004 1036 2068 fastumque.

429 2070 625 2119 LEUC:
694 2071 899 2124 ProbaS,
924 2085 981 2117 ex
998 2083 1115 2118 aura
1133 2067 1344 2117 aetherea
1359 2068 1496 2118 hunc
1519 2068 1802 2134 delapsum5
1835 2068 1954 2118 hinc
1971 2068 2043 2117 fa-

57 2116 233 2180 Teml'e·
306 2127 399 2181 cile
421 2132 636 2194 colligo,
658 2134 709 2179 in
736 2135 859 2180 mari
891 2144 1127 2183 mortuo,
1149 2133 1229 2182 vel
1258 2135 1465 2196 regione
1493 2131 1827 2197 phlegmatica
1855 2131 2040 2180 natales

56 2199 220 2231 ramen-
306 2196 444 2245 alteri
467 2191 769 2244 statuendos,
835 2198 991 2242 MEL:
1067 2196 1302 2244 Divinas:
1338 2211 1458 2245 nam
1488 2196 1831 2244 cadavericam
1869 2193 2040 2241 defen-

56 2259 149 2294 tum
308 2259 384 2307 dit
396 2258 623 2307 formam
649 2257 788 2304 frons
812 2259 1013 2321 pallida:
1048 2257 1263 2321 Riphaeo
1282 2258 1468 2322 frigore
1490 2255 1752 2306 construita
1777 2251 1912 2305 tarde
1931 2257 2040 2319 pul-

46 2302 265 2382 Pfflegma·
306 2321 373 2372 sat
399 2322 571 2369 arteria
597 2337 606 2366 ε
644 2319 850 2367 caesaries
879 2337 1008 2375 rara,
1029 2325 1080 2371 ὃς
1098 2321 1312 2370 albicans
1335 2322 1574 2385 hyemem
1601 2320 1803 2385 probat:
1826 2333 1927 2367 vox
1945 2330 2037 2367 tar-

54 2384 201 2420 Wum·
309 2385 373 2434 da
400 2386 450 2434 ὃ(
482 2382 651 2432 debilis
677 2397 813 2430 raros
842 2382 986 2430 domi
1018 2383 1203 2448 spiritus
1225 2385 1433 2433 indicat:
1477 2384 1625 2432 facies
1643 2381 1808 2445 ampla
1828 2380 2037 2445 plenilu-

307 2450 451 2498 nium
470 2442 741 2495 monstrat:
778 2445 1085 2494 obscuriores
1111 2448 1263 2502 oculi,
1287 2450 1339 2496 in
1357 2449 1522 2496 nativa
1545 2444 1771 2493 albedine
1796 2445 2036 2498 natitant,

308 2523 363 2564 ut
384 2525 471 2576 per
497 2505 728 2561 fenestras
756 2504 902 2560 facile
929 2509 1093 2562 videas
1124 2510 1373 2563 diluvium
1399 2511 1694 2561 humorum.
1795 2506 1933 2618 Csaro
1963 2504 2035 2562 est

1844 2583 1975 2635 pon-
