2175 2911
804 96 1051 171 Diphthera
1070 108 1222 167 Jovis.
1766 122 1799 171 4
1805 123 1827 171 ς

138 202 256 266 jugis
269 202 370 264 fata
396 199 731 254 demonstrat:
761 200 939 252 ostava
952 200 1133 261 superna
1151 213 1294 261 porta,
1314 205 1462 251 mortis
1484 204 1667 270 praebet
1684 203 1891 257 indiciaz

147 284 287 316 nona
311 271 478 315 DEUs
491 267 699 315 denotat
725 265 1012 324 Religionem:
1060 263 1256 313 decima
1272 298 1285 319 ,
1308 281 1418 328 quae
1450 271 1635 317 medium
1659 270 1780 321 caeli,
1807 283 1894 318 au-

146 344 350 395 gutatur
368 334 557 389 Regnum
571 361 583 381 ,
604 340 730 390 atque
752 326 921 386 Officia:
959 326 1226 375 undecima
1247 327 1374 375 bonus
1392 334 1594 383 Damon,
1625 335 1806 383 amicos,
1833 333 1892 380 Θ·

145 393 362 452 henefaffa
381 393 593 441 divinat:
632 391 934 439 duodecima
953 390 1196 452 denique,
1222 405 1330 452 quae
1358 395 1464 439 mali
1491 398 1701 441 Daemonis
1725 396 1895 455 nomi·

149 472 216 507 ne
242 456 526 520 indigitatur
551 486 563 508 ‚
595 455 851 502 ominatur
881 450 1090 501 infausta
1115 467 1329 515 quaeque
1361 472 1571 511 carceres,
1594 460 1650 506 (ΞΤ
1681 461 1890 506 inimicos.

152 522 308 567 MEL.·
376 519 482 568 Cur
500 533 608 565 non
627 517 764 565 addis
793 517 1110 565 Planetarum
1139 516 1274 565 sexus
1303 516 1578 568 foemineos
1595 554 1607 574 ,
1628 522 1679 571 ὃς
1705 519 1896 569 mascu-

141 583 300 631 linos?
337 598 424 630 cur
451 578 748 630 oblivisceris
767 581 930 628 Status
955 579 1128 628 auctos
1145 611 1158 631 2
1178 592 1328 642 atque
1366 580 1694 631 combustos?
1729 599 1816 632 cur
1837 599 1894 632 o-

144 647 298 693 mittis
317 643 558 709 pafflones
575 676 587 696 ,
610 645 660 693 ὃς
689 643 946 706 dignitates
962 675 975 696 ,
996 642 1175 706 gradus
1197 643 1441 707 puteales,
1464 647 1629 707 igneas
1650 647 1896 710 triplicita.

145 719 243 760 tes,
269 719 525 770 carpenta,
549 706 813 767 almugaea,
842 704 976 768 signa
1006 706 1220 769 reptilia,
1248 709 1295 754 δε
1327 719 1536 755 centum
1563 709 1677 756 alias
1709 724 1896 763 voces,

144 768 312 818 multo
343 767 500 830 magis
524 767 808 820 horribiles,
829 772 981 828 quam
996 769 1246 816 Draconis
1278 781 1449 833 caput,
1481 772 1530 819 ὃς
1563 771 1777 819 caudam
1794 804 1807 825 ,
1830 771 1897 819 de

142 832 320 894 quibus
342 827 620 892 Astrologi,
643 829 781 877 velut
807 828 868 877 de
892 829 1124 879 verissimi
1148 828 1360 880 monstri
1378 831 1613 896 partibus,
1633 832 1896 882 differunt?

139 909 283 957 nugae
302 894 573 955 nugarum!
613 893 722 953 quis
751 907 859 941 non
895 893 1087 957 palpat,
1117 893 1212 942 hos
1243 894 1542 944 architectos
1569 891 1685 944 raro
1721 896 1898 948 domi,

140 957 263 1004 dum
284 967 363 1002 tot
382 957 550 1002 inanes
570 954 761 1004 domos
783 955 1056 1004 aedificant?
1081 959 1132 1006 in
1155 957 1245 1006 suis
1271 958 1643 1015 dodecamorijs
1669 956 1763 1006 effe
1781 971 1900 1005 mo-

139 1019 351 1080 rologos
370 1050 382 1070 ,
406 1018 491 1078 qui
525 1018 654 1072 juxta
686 1018 817 1065 ideas
837 1019 1068 1067 Lunatici
1095 1022 1289 1083 capitis,
1324 1022 1447 1070 dum
1476 1024 1528 1069 in
1555 1021 1900 1074 fundamento

140 1085 292 1129 a'ereo
320 1078 576 1127 machinas
598 1076 814 1133 struunt,
834 1077 1073 1136 struendo
1094 1080 1383 1130 destruunt?
1418 1083 1499 1130 sed
1522 1099 1587 1131 ne
1605 1083 1758 1133 verba
1779 1098 1899 1133 ven-

143 1145 259 1192 dere
280 1142 448 1191 videar
463 1174 475 1193 ,
500 1143 689 1205 erigant
707 1141 878 1190 thema
897 1140 1116 1196 coeleste,
1139 1143 1385 1205 liquidem
1402 1144 1603 1207 poffunt
1624 1145 1726 1193 fine
1745 1145 1896 1194 soloe-

140 1206 297 1255 cismo
323 1202 622 1253 diss'enfionis
637 1237 650 1258 ,
670 1216 775 1252 tam
797 1205 848 1252 in
872 1204 1154 1253 domorum
1173 1204 1382 1260 fabrica,
1403 1205 1558 1268 quam
1580 1206 1897 1270 significatio-

139 1285 234 1321 nes
270 1269 483 1331 erigant,
512 1270 720 1329 inquam
738 1300 751 1320 ,
770 1264 1034 1330 globoque
1056 1267 1119 1315 ad
1140 1269 1456 1318 latitudinem
1485 1271 1658 1318 natalis
1682 1271 1773 1318 soli
1803 1267 1896 1319 sta-

140 1345 273 1385 tuto,
290 1332 417 1379 Solis
441 1331 616 1379 locum
634 1331 934 1382 meridiano,
960 1331 1205 1378 horarum
1229 1332 1449 1379 indicem
1473 1333 1789 1382 duodecimae
1812 1349 1896 1396 ap-

139 1396 351 1460 plicent:
390 1395 754 1456 circumagatur
773 1392 979 1456 globus,
1003 1395 1049 1442 ὅ(
1080 1393 1262 1440 horam
1288 1396 1570 1443 Nativitatis
1602 1408 1782 1444 notam
1812 1396 1896 1443 de-

138 1453 420 1507 monstret:
468 1455 532 1504 fic
562 1455 729 1503 ereeto
763 1467 1018 1518 utcunque
1049 1454 1345 1520 horoscopo
1377 1488 1390 1510 ,
1419 1457 1603 1506 arrosas
1637 1457 1896 1505 extrahant

141 1519 523 1585 ephemeridum
553 1519 741 1567 tabulas
763 1553 776 1569 ,
809 1521 859 1567 ὅ(
894 1516 1146 1567 exsufflato
1176 1519 1382 1583 pulvere
1408 1532 1613 1584 crepent
1645 1520 1894 1570 Oracula:

140 1584 264 1647 quid
284 1582 560 1646 reponam?
595 1582 801 1630 unicum
836 1580 1129 1629 verbulum:
1168 1598 1256 1630 cur
1284 1582 1516 1647 negle&o
1545 1583 1898 1648 conceptionis

137 1656 416 1696 momento
432 1677 444 1698 ‚
472 1646 551 1693 cui
576 1657 746 1692 tamen
768 1639 917 1692 Astra
942 1645 1041 1702 jam
1076 1641 1217 1707 atque
1239 1645 1492 1695 dominari
1512 1645 1751 1699 afferunt,
1772 1648 1899 1694 nati-

139 1711 299 1757 vitatis
328 1707 589 1755 exordium
610 1723 706 1771 pro
733 1708 781 1754 V
786 1708 965 1764 aticinij
992 1706 1188 1771 epocha
1211 1705 1458 1758 statuunt?
1495 1725 1557 1757 an
1577 1706 1776 1758 exortus
1800 1710 1897 1772 pri-

139 1774 212 1820 mi
235 1783 587 1823 momentum,
618 1769 981 1819 Mathematici
1013 1772 1250 1820 libratum
1281 1771 1465 1821 trutina
1488 1804 1500 1826 ,
1543 1771 1570 1820 ὲ
1600 1773 1892 1822 Parentibus

138 1835 428 1883 autumant?
465 1849 528 1881 an
547 1830 841 1890 Astrolabijs
869 1845 1065 1882 tantum
1093 1834 1208 1883 fidei
1237 1837 1487 1889 tribuunt,
1512 1848 1567 1884 ut
1591 1852 1656 1884 ne
1686 1837 1892 1884 minuto

137 1896 345 1960 quidem
377 1895 404 1944 a
431 1898 564 1944 vitali
594 1896 793 1945 infantis
818 1898 991 1945 limine
1023 1898 1248 1947 aberrare
1277 1899 1322 1946 se
1356 1899 1591 1947 credant?
1635 1899 1792 1961 qualis
1822 1910 1892 1948 ta-

135 1975 259 2009 men
289 1974 426 2006 error
444 1958 479 2006 fi
505 1960 804 2015 intercedat,
825 1958 943 2025 pro!
981 1964 1177 2023 quantis
1206 1978 1314 2010 non
1344 1963 1631 2012 milliaribus
1649 1962 1891 2011 horizon-

136 2036 186 2070 te
207 2023 426 2087 superior
456 2022 633 2070 evadet
658 2019 819 2077 stella,
853 2039 1008 2086 quam
1036 2025 1104 2072 illi
1131 2024 1509 2080 ascendentem,
1530 2042 1586 2075 ac
1620 2026 1758 2075 velut
1775 2057 1787 2078 ,
1814 2040 1890 2073 re-

137 2082 253 2134 cens
278 2087 328 2132 in
352 2085 521 2133 lucem
545 2085 661 2133 editi
682 2085 1123 2135 charaeteristicam
1146 2089 1468 2152 nuncupant?
1520 2089 1654 2151 quasi
1675 2086 1799 2138 vero
1819 2089 1890 2138 Si-

137 2148 228 2196 dus
246 2150 296 2195 in
316 2147 596 2196 meridiano
631 2161 749 2196 tune
772 2150 1017 2212 politum,
1039 2150 1180 2197 radio
1205 2152 1292 2199 suo
1315 2151 1559 2201 infantem
1582 2150 1789 2201 debilius
1821 2152 1891 2200 fe-

137 2213 279 2261 riret?
316 2212 491 2274 apage!
528 2223 631 2258 tam
652 2210 804 2259 hebes
828 2228 938 2259 non
961 2209 1027 2259 est
1051 2212 1382 2278 Philosophus
1398 2247 1410 2268 ,
1433 2227 1487 2263 ut
1516 2231 1671 2279 nugas
1699 2214 1884 2264 credat.

139 2312 145 2313 ff
264 2275 462 2323 LEUC:
529 2270 672 2326 Esto,
696 2286 800 2322 tam
826 2287 1109 2323 accuratam
1132 2279 1182 2324 in
1202 2290 1433 2342 tempore
1465 2277 1780 2329 observando
1812 2282 1887 2325 in-

141 2333 374 2386 dustriam
395 2336 461 2383 sat
478 2335 661 2384 habere
684 2335 1005 2386 difficultatis:
1037 2341 1142 2401 quis
1158 2352 1329 2388 tamen
1353 2341 1484 2389 dicet
1505 2341 1884 2406 chymaericam?

141 2416 232 2466 pro
251 2400 339 2448 illo
361 2401 507 2462 igitur
529 2412 801 2448 momento
822 2416 931 2449 non
953 2402 1042 2449 erit
1070 2403 1249 2451 nullius
1269 2406 1522 2453 momenti
1550 2405 1880 2464 horoscopus.

144 2465 290 2509 MEL.·
362 2462 538 2510 Grallis
564 2463 752 2527 indiget
778 2462 882 2512 haec
902 2463 1114 2527 sequela,
1133 2482 1252 2514 nam
1271 2468 1530 2517 claudicat.
1608 2464 1884 2520 Esto‚illos›

147 2525 207 2578 ad
233 2541 480 2594 unguem,
498 2527 763 2584 nativitatis
799 2527 1254 2647 tempusffignaffej
1291 2528 1424 2595 esto,
1447 2524 1883 2645 ⁰&3V31fflidt·est'

1064 2605 1088 2650 3
1702 2606 1764 2644 01
1786 2604 1825 2643 IS
