2175 2911
379 146 406 179 2
416 145 434 190 5
443 134 469 182 8
910 129 1064 191 Hydsa
1086 125 1213 181 nostri
1225 126 1459 187 Temporis.

317 228 493 282 luctus,
507 223 774 287 jubilarunt
791 225 854 274 ad
867 225 1127 282 Majorum
1149 225 1384 276 lamenta,
1399 218 1582 272 vitiosis
1605 217 1928 271 cumularunt
1949 235 2067 286 prae-

318 291 468 342 miffis
509 289 769 356 praemiffas
807 307 817 337 :
861 289 1058 353 gloriati
1100 287 1208 337 sunt
1238 282 1477 362 Sophistae
1508 283 1749 355 sacrilegi,
1786 285 1867 333 scd
1892 281 2067 334 frustra

318 355 428 405 sunt
446 355 666 419 gloriati:
705 352 875 406 faxim,
889 363 1048 402 vertet
1059 351 1176 400 Sors
1190 350 1332 399 brevi
1345 351 1475 397 vices
1489 381 1502 401 ,
1517 347 1670 412 iisque
1684 345 1950 397 infaustam
1963 346 2068 397 hoc

316 418 524 468 taudem
537 430 770 482 tempore
790 414 925 464 dabit
944 413 1341 464 conclusionem.
1375 411 1514 482 Qid
1530 415 1664 460 enim
1677 414 1843 460 mitius
1858 410 2073 476 praesagi-

317 497 371 531 re
390 494 541 543 queat
562 479 969 545 Peripatus,dum
989 490 1161 543 praeter
1180 478 1278 532 iam
1300 475 1456 524 dictos
1478 489 1685 526 errores,
1699 487 1919 537 quatuor
1940 488 2070 536 quo·

319 559 420 608 que
442 545 665 592 terminis
687 542 988 601 Jansenianae
1008 543 1242 590 vitiantur
1271 537 1547 605 praemiss'ae?
1583 551 1802 600 quatuor
1826 540 2070 586 terminos

321 608 615 659 continent,
636 606 759 654 dum
790 607 1054 654 continent
1089 603 1361 669 Episcopos
1392 614 1611 666 quatuor
1638 602 1965 666 appellantes:
2004 602 2070 648 vi-

320 672 452 719 tium
471 668 505 718 fi
525 672 661 733 cupis
675 702 689 723 ,
710 665 780 717 est
800 670 1046 728 appellatio,
1069 683 1166 731 qua
1191 667 1384 715 medius
1413 665 1649 715 doctrina?
1668 664 1882 712 novellae
1901 664 2069 712 termi-

318 748 412 782 nus
438 733 537 788 jam
556 733 617 782 ab
642 748 750 781 uno
775 747 835 797 ap
875 732 988 780 ellat
1009 731 1071 780 ad
1093 730 1249 782 aliud,
1273 729 1300 780 ὲ
1321 728 1565 781 Pontifice
1583 728 1644 775 ad
1667 728 1960 777 Concilium
1975 759 1988 781 ,
2009 726 2071 775 ab

319 795 537 846 Ecclefia
565 793 775 862 dispersa
803 747 870 844 ag
896 806 1271 860 congregatam.
1371 794 1569 844 Vitium
1600 790 1702 840 hoe
1733 790 1883 839 debet
1908 789 2072 849 Janse-

319 861 429 908 nius
447 892 458 912 ,
485 875 591 910 non
625 858 792 908 minus
821 857 1005 908 vitiosis
1037 860 1087 906 in
1110 860 1237 908 Arte
1267 854 1513 920 Magistris
1546 856 1750 917 Pelagio
1767 887 1779 906 ,
1801 865 1950 915 atque
1973 854 2074 902 Lu·-

317 922 468 969 thero
488 919 620 984 (pro
643 933 830 983 quanta
852 923 1082 973 nomina,
1106 919 1333 981 gloriosis
1346 916 1609 968 illustriora
1638 916 1898 970 incendiis,
1915 913 2073 977 quam

321 982 348 1030 ὲ
370 983 599 1029 fumante
623 979 941 1028 Herostratus
961 981 1181 1039 Epheso!
1204 979 1299 1038 pro
1319 991 1537 1038 quantos
1555 981 1767 1028 Heroas,
1793 979 2073 1039 Gigantum

320 1043 539 1094 Soboles
556 1074 568 1094 ,
598 1055 823 1104 quorum
843 1042 894 1087 in
923 1037 1270 1109 oppugnando
1295 1040 1428 1096 Jove
1452 1039 1700 1086 Romano
1725 1041 2071 1094 temerariam,

319 1109 372 1157 δε
395 1104 672 1154 inauditam
694 1103 941 1151 ferociam
976 1107 1076 1150 iera
1104 1098 1329 1164 stupescit
1356 1097 1655 1156 Posteritas)
1693 1099 1767 1148 his
1798 1100 1949 1149 debet
1968 1101 2073 1151 hoc

321 1171 502 1221 vitium
519 1201 531 1222 ,
553 1169 652 1224 iam
682 1167 732 1214 in
764 1164 932 1229 elapsis
958 1165 1156 1213 Saeculis
1179 1165 1207 1214 a
1227 1162 1513 1214 Christiano
1535 1165 1766 1227 Peripato
1788 1163 2042 1214 detcstum
2057 1198 2072 1221 ,

323 1236 375 1284 ὅ(
396 1231 817 1279 condemnatum.
886 1228 1178 1292 Appellavit
1197 1243 1314 1276 cum
1334 1227 1425 1276 suis
1444 1227 1666 1291 Pelagius
1679 1259 1693 1279 ,
1712 1224 1952 1290 petiitque
1973 1230 2074 1275 Con-

319 1297 470 1342 cilium
491 1293 681 1353 legitime*
701 1305 997 1351 congregatum
1016 1308 1060 1336 m
1080 1291 1345 1359 locoficum:
1381 1290 1592 1339 eosdem
1612 1300 1855 1338 terminos
1876 1290 2072 1357 usurpat
2152 1340 2154 1345 ,

319 1358 576 1418 jansenius
600 1358 648 1404 in
672 1355 761 1404 suis
774 1352 981 1404 Affeclis
1001 1351 1325 1418 posthumus:
1364 1357 1412 1404 &
1435 1353 1555 1425 quid
1577 1351 1828 1406 mirum,s1
1845 1354 2069 1420 Discipu·
2146 1364 2162 1381 Ν

316 1423 392 1471 lus
415 1416 541 1479 juret
568 1421 619 1467 in
647 1419 714 1468 sui
737 1417 889 1468 verba
909 1415 1129 1481 Magistri
1156 1419 1173 1466 ?-
1206 1417 1457 1468 Lutherus
1479 1413 1699 1465 inaudita
1718 1415 1976 1467 Protervia
1995 1433 2072 1468 ca-

317 1486 516 1533 lamum
539 1480 724 1531 strinxit
743 1484 794 1529 in
816 1480 973 1552 ipsum
991 1480 1317 1530 Pontificem:
1351 1479 1643 1530 in·eundem
1663 1495 1773 1529 non
1793 1495 1969 1532 unum,
1989 1480 2072 1531 sed

320 1548 486 1614 plures
507 1546 731 1595 calamos
751 1541 993 1601 stringunt
1004 1543 1215 1602 Jansenij
1228 1543 1452 1599 Affeclae,
1466 1558 1730 1605 nunquam
1746 1541 1902 1607 magis
1920 1547 2073 1601 acuti,
2149 1556 2155 1572 ’

319 1610 477 1673 quam
494 1608 527 1657 fi
548 1610 770 1657 calamos
794 1609 844 1655 in
858 1593 1158 1657 Fontifieem
1180 1620 1381 1657 acuunt.
1451 1605 1725 1660 Lutherus,
1745 1607 1830 1654 sub
1849 1606 2071 1670 specioso

318 1673 469 1722 titulo
497 1673 712 1736 pietatis,
744 1686 838 1735 pro
858 1671 1093 1720 Veritatis
1121 1670 1440 1725 defensione,
1464 1669 1687 1719 Eeclefiae
1717 1669 1954 1724 utilitate,
1973 1687 2068 1722 nec
2143 1667 2161 1717 j,

320 1735 422 1785 fine
454 1733 619 1785 debita
645 1734 881 1783 fimulatae
900 1736 1082 1783 mentis
1101 1733 1446 1788 submissione,
1472 1732 1499 1782 a
1521 1734 1707 1782 Leonis
1729 1733 1870 1780 Bulla
1898 1733 1962 1782 ad
1993 1735 2068 1785 fu-

318 1812 493 1850 turum
516 1798 778 1863 appellavit
797 1797 1118 1846 Concilium:
1165 1798 1335 1855 ijsdem
1357 1798 1532 1850 titulis,
1553 1797 1724 1855 ijsdem
1744 1799 1969 1845 terminis
1988 1813 2072 1864 ap-
2148 1819 2149 1823 ¹

319 1863 507 1937 pellant
520 1861 891 1927 Qatuor-Viri
915 1861 1085 1910 Galliae
1106 1858 1446 1925 protestantis:
1469 1863 1519 1909 ὅ(
1539 1860 1662 1923 quid
1686 1860 1874 1909 mirum
1891 1893 1905 1914 ‚
1924 1860 2069 1923 quod

317 1926 456 1976 ldem
480 1927 657 1974 vitium
671 1957 683 1977 ,
709 1924 896 1972 eodem
917 1923 1244 1974 anathematis
1260 1921 1504 1987 stigmate,
1526 1922 1583 1972 fit
1601 1924 1926 1972 fulminatum
1941 1926 1956 1971 ἓ
1970 1925 2070 1975 Sed

318 1988 441 2052 quid
464 2003 561 2052 ego
583 1990 681 2046 vitij
702 1988 880 2036 accuso
899 1987 1184 2051 praemiss'as',
1205 1986 1233 2038 a
1260 1999 1339 2036 tot
1356 1986 1537 2053 Sophis
1552 2019 1566 2041 ,
1595 1985 1777 2051 ingenii
1799 1986 1976 2037 Gloria
1994 2004 2073 2038 cc-

318 2052 617 2104 leberrimis,
642 2051 970 2116 approbatas?
1006 2050 1074 2099 sat
1101 2051 1255 2100 habet
1286 2050 1624 2099 Authoritatis
1648 2051 1890 2099 Haeretica
1911 2054 2069 2115 pravi-

319 2126 393 2167 tas
408 2147 420 2165 ,
441 2126 496 2162 ut
517 2114 711 2163 Bullam
734 2116 990 2173 Unigenitus
1013 2127 1162 2179 neget
1181 2112 1275 2163 effe
1302 2112 1420 2162 fidei
1440 2113 1692 2177 regulam3
1729 2124 1782 2161 ut
1801 2109 1996 2165 ostendi
2015 2115 2070 2166 fi-

321 2176 373 2228 bi
395 2179 573 2226 vitium
587 2189 720 2240 petat
746 2178 809 2226 ab
832 2178 912 2226 illa
938 2177 1084 2231 Sede,
1099 2192 1253 2241 quam
1277 2192 1422 2227 novo
1442 2177 1785 2242 appellationis
1804 2178 1927 2225 vitio
1948 2195 2067 2229 con.

321 2241 523 2291 vitiatur
546 2241 638 2288 effe
667 2241 941 2289 fallibilem.
1010 2242 1096 2290 Sat
1125 2240 1278 2290 habet
1302 2240 1607 2289 discretionis
1630 2240 1922 2298 Janseniana
1943 2239 2065 2291 astu-

321 2307 406 2356 tia,
422 2302 545 2350 dum
557 2303 811 2352 Pontifieis
826 2304 1005 2362 Bullas‚
1023 2306 1206 2357 nescio,
1232 2319 1338 2366 quo
1361 2303 1526 2353 forsan
1549 2315 1905 2368 praeoecupatae
1927 2320 2065 2354 men-

322 2368 381 2416 tis
415 2364 617 2436 dictatas
643 2366 854 2429 Spiritu,
884 2382 992 2415 non
1023 2365 1216 2416 temere
1247 2368 1445 2430 recipit,
1473 2367 1555 2416 sed
1590 2366 1652 2415 ad
1674 2368 1916 2432 virgulam
1931 2366 2064 2431 ptius

321 2427 601 2478 censoriam
619 2440 847 2481 revocat,
873 2443 937 2478 ne
956 2430 1175 2484 tumultu
1194 2430 1458 2493 Privilegijs
1472 2430 1842 2495 praejudicante,
1859 2430 2064 2480 Gallica-⁸

320 2507 386 2542 na
407 2490 633 2540 turbetur
649 2489 877 2541 Ecclefia.
961 2493 1214 2542 Innocens
1233 2489 1302 2542 cst
1326 2493 1520 2557 palliata
1533 2491 1816 2544 Christiano
1827 2493 1952 2545 Zelo
1964 2494 2064 2542 Im-

320 2556 501 2631 pietas,
524 2554 648 2611 dum
669 2554 925 2621 prudentis
951 2555 1123 2617 silentii
1145 2554 1339 2611 cautela
1357 2556 1424 2611 sic
1452 2569 1703 2625 temperat
1729 2571 1846 2608 cum
1880 2558 2062 2670 piciitate
