2175 2911
366 117 393 152 2
403 115 421 160 5
431 101 459 147 6
909 102 1064 162 Hydra
1081 99 1208 155 nostri
1237 99 1469 163 Temporis.

297 194 423 245 radit
450 192 722 257 dogmata,
752 191 932 255 quibus
963 206 1261 258 corruptum
1283 194 1465 256 saginet
1497 189 1818 241 stomachum
1839 191 2072 248 Helium*

294 273 404 307 non
426 257 552 312 aliis,
578 255 731 317 quam
753 253 883 304 lii'i'ce
897 255 1188 306 foetentibus
1211 257 1390 320 Augiae
1413 257 1589 320 dignus
1608 255 1843 320 cupediis.
1930 256 2047 304 Gal-

293 322 512 369 linaceus
533 352 546 373 ‚
582 319 616 368 fi
638 319 783 367 famae
805 317 927 367 fides
953 315 1020 367 est
1039 352 1053 374 ,
1088 332 1191 368 tam
1212 332 1513 368 venenatam
1540 324 1716 381 coquit
1737 334 1791 366 ex
1814 331 2050 382 corrupta

294 383 578 433 humorum
604 381 821 431 colluvie
850 380 1073 437 massam,
1099 395 1152 431 ut
1170 395 1309 430 aetate
1343 381 1630 446 proveffior
1665 397 1826 430 ovum
1863 382 2051 429 dicatur

297 446 575 498 excludere,
591 441 617 494 ὲ
631 460 735 507 quo
750 443 856 493 fimi
881 445 1128 496 caloribus
1158 445 1371 494 excocto
1384 480 1395 496 ‚
1410 445 1616 493 tandem
1630 443 1873 493 Basiliscus
1889 459 2053 492 erum-

296 522 407 574 pat,
441 506 727 557 monstrum
753 506 999 557 venenata
1023 509 1105 557 lue
1137 505 1714 574 pcl‘tiferuni‚&integris
1731 507 1849 569 saepe
1864 508 2051 570 Regnis

296 571 653 637 perniciosum.
720 570 1011 629 jansenium
1030 571 1062 621 si
1081 571 1261 636 speeies
1281 604 1293 626 ‚
1324 569 1482 635 magis
1504 571 1750 619 exitialem
1765 569 1979 634 stupebis
1997 573 2050 618 in

297 631 533 688 monstro
555 634 959 684 foecunditatem.
1028 638 1162 684 Tam
1181 646 1483 684 venenatam
1517 637 1699 698 quippe
1729 649 1787 682 ex
1805 635 2053 696 corruptis

298 697 541 749 doCtrinae
573 696 797 747 sordibus
835 696 1075 767 congeffit
1099 699 1375 748 colluviem
1398 730 1410 752 ,
1439 710 1494 746 ut
1535 697 1825 746 canescente
1861 697 1959 753 jam
1990 698 2055 744 se-

299 764 389 811 nio
417 760 441 819 <
461 774 608 810 tantae
627 761 779 811 molis
797 773 899 810 erat
919 763 1156 826 parturire
1181 757 1466 810 monstrum
1482 794 1495 815 ‚
1523 760 1673 810 Orbis
1692 755 1956 809 Christiani
1978 775 2055 808 ex-

301 825 438 874 cidio
461 822 786 874 destinatum!
801 823 824 882 )
856 839 1018 875 ovum
1047 823 1276 875 effuderit
1300 857 1312 878 ,
1341 840 1397 872 ex
1422 839 1530 887 quo
1554 839 1661 872 non
1683 838 1822 871 error
1846 825 2056 887 particu-

298 889 436 943 laris,
467 888 549 936 sed
572 890 825 949 quinque3
860 904 916 934 ex
937 890 1161 950 quinque
1183 904 1305 936 mox
1321 886 1614 950 plus‚quani
1637 898 1843 934 centum
1858 882 2056 948 prodie-

299 965 353 999 re
376 949 603 1002 liaereses,
630 950 766 995 velut
790 949 1006 995 totidem
1027 950 1256 999 Bafilisci,
1280 947 1484 996 veneno
1509 945 1867 1009 pestilentior-es
1894 980 1907 1000 ‚
1943 950 2058 1009 quia

300 1012 475 1059 furunt
491 1011 542 1055 in
565 1011 762 1056 animos
786 1023 799 1058 3
835 1007 1053 1054 horrore
1069 1008 1373 1054 crudeliores
1390 1038 1403 1060 ,
1418 1009 1533 1068 quia
1552 1010 1648 1054 toti
1661 1006 1945 1056 Christiano
1960 1011 2057 1057 Or-

301 1074 354 1123 bi
380 1073 518 1121 luem
547 1070 839 1119 minitantur
862 1069 1226 1132 contagiosam.
1294 1070 1530 1119 Revolve
1551 1084 1757 1118 mecum
1775 1103 1787 1125 ,
1813 1069 2058 1133 fiquidem

301 1135 405 1186 fine
436 1134 652 1185 horrore
691 1144 862 1197 potes,
893 1134 1104 1181 revolve
1133 1129 1394 1181 tristissima
1418 1145 1680 1196 tempora,
1710 1133 1889 1195 quibus
1920 1135 2057 1183 suam

300 1195 493 1249 traxere
511 1199 762 1259 originem
785 1193 1002 1248 haerescs,
1016 1198 1065 1245 ὃς
1088 1195 1278 1244 videbis
1294 1197 1417 1244 Orci
1439 1195 1644 1243 solenne
1664 1196 1952 1260 prodigium
1966 1229 1979 1251 ,
2004 1209 2058 1246 ut

303 1261 448 1326 quod
470 1276 555 1325 p-er
578 1258 917 1323 Pythagoram
937 1257 1076 1307 finxit
1100 1257 1324 1308 fabulosa
1338 1259 1652 1322 Antiquitas,
1673 1259 1724 1307 id
1744 1260 1798 1307 in
1819 1260 2060 1310 haeresum

302 1321 724 1389 metempsychosi
757 1337 937 1372 verum
967 1320 1185 1371 effecerit
1220 1319 1549 1387 praestigiatrix
1576 1323 1820 1387 impietas.
1905 1323 2059 1373 Vide·

304 1389 378 1439 bis
394 1421 407 1442 ,
431 1403 516 1436 me
537 1387 848 1436 luculentam
876 1386 904 1444 J
910 1385 1112 1436 ansenio
1132 1385 1318 1434 inferre
1340 1387 1673 1440 calumniam,
1710 1385 1834 1435 dum
1849 1385 1949 1442 ejus
1961 1385 2056 1436 hae-

308 1451 433 1502 refin
455 1451 654 1516 appello
676 1450 1132 1513 novitiam‚utpote
1158 1464 1271 1511 quae
1297 1449 1394 1504 iam
1416 1450 1585 1513 primis
1608 1449 1923 1513 temporibus
1944 1465 2059 1514 pro-

305 1512 827 1568 fessa‚conclufionem
851 1511 986 1560 suam
1002 1512 1122 1560 vidit
1141 1513 1202 1560 ab
1217 1512 1342 1561 orbe
1354 1511 1628 1561 Catholico
1653 1514 2052 1562 exterminatam.

307 1578 614 1637 Do&rinam
644 1577 1013 1638 excogitaverat
1035 1607 1048 1629 ,
1081 1575 1352 1624 foecundus
1382 1575 1464 1623 illc
1484 1576 1857 1625 Haereticorum
1880 1578 2060 1626 Proto-

308 1643 491 1693 Parens
509 1641 691 1688 Simon
711 1640 892 1703 Magus
908 1671 921 1692 ‚
946 1654 1003 1686 ex
1023 1653 1121 1701 qua
1145 1638 1251 1687 duo
1271 1639 1399 1687 illius
1425 1638 1632 1688 Affeclae
1655 1654 1778 1687 mox
1800 1642 1953 1689 varias
1977 1639 2060 1687 de-

312 1701 498 1754 duxere
530 1699 787 1767 praemiss'as
816 1735 828 1756 ‚
865 1701 1044 1763 quibus
1075 1702 1209 1750 ceras
1245 1701 1336 1750 suae
1361 1703 1562 1765 originis
1598 1701 1784 1750 debent
1811 1701 2060 1766 praemiffae

309 1766 540 1829 Janse-nij.
607 1766 751 1819 Dixi,
774 1761 918 1828 quod
938 1766 1035 1823 jam
1059 1766 1125 1814 ibi
1148 1765 1458 1830 proclamata
1483 1764 1538 1814 fit
1561 1768 1720 1812 Gratia
1753 1765 1917 1813 vinfrix
1938 1782 2058 1815 cum

313 1832 621 1881 detrimento
644 1828 902 1877 libertatis:
941 1832 992 1878 &
1007 1830 1147 1877 ecce!
1170 1829 1462 1893 praemissam
1475 1827 1685 1887 Jansenij
1709 1829 1935 1893 impiam,
1949 1844 2059 1893 quae

314 1896 413 1953 jam
433 1906 545 1941 tum
567 1889 830 1958 pessimam
851 1888 963 1955 post
980 1892 1025 1940 se
1044 1904 1254 1940 traxerat
1281 1890 1684 1941 conclusionem.
1765 1894 2059 1942 Crocitave-

312 1970 387 2009 rat
406 1957 527 2006 alter
542 1989 555 2010 ,
581 1970 736 2018 quem
749 1955 1052 2004 Cerinthum
1082 1952 1295 2003 historiae
1322 1957 1618 2010 nominant,
1639 1957 1816 2020 ingens
1838 1954 1866 2004 a
1887 1956 1955 2005 D.
1972 1957 2059 2006 Pe-

313 2033 394 2070 tto
414 2019 738 2072 commissum
761 2017 1020 2083 flagitium,
1036 2015 1179 2081 quod
1202 2018 1265 2066 ad
1279 2018 1466 2066 Gentes
1485 2017 1812 2068 descenderit:
1849 2035 1929 2065 non
1949 2021 2060 2066 enim

282 2126 294 2139 ,
317 2082 523 2134 chrestum
537 2094 617 2143 pro
642 2079 833 2128 omnibus
851 2085 983 2128 etiam
1008 2080 1254 2140 Infidelibus
1282 2092 1513 2129 mortuum.
1580 2082 1680 2131 En!
1709 2082 2059 2146 particularem

314 2145 524 2204 Jansenij
539 2178 552 2199 ,
571 2161 628 2194 ex
651 2160 751 2208 qua
773 2143 1034 2194 conclusio
1057 2145 1274 2208 sequitur
1293 2145 1626 2194 universaliter
1647 2145 1760 2195 falsa
1775 2177 1789 2198 ,
1805 2147 1983 2211 impia,
2009 2148 2061 2197 ὃς

313 2207 611 2258 seandalosa.
676 2208 775 2257 Sed
798 2209 919 2272 quid
941 2224 1040 2272 ego
1054 2211 1106 2257 in
1127 2208 1403 2272 particulari
1424 2223 1507 2256 me
1528 2224 1697 2257 errore
1722 2208 1955 2258 detineo?
1990 2209 2056 2258 di-

315 2273 362 2320 xi
392 2271 634 2320 universas
667 2273 1053 2337 propemodum
1080 2272 1280 2322 haerescs
1308 2274 1359 2320 in
1384 2272 1429 2320 se
1452 2274 1718 2320 continent
1743 2273 2053 2336 particulares

314 2332 543 2392 Jansenij.
625 2334 765 2397 Qid
788 2337 950 2383 enim?
987 2336 1220 2385 Simones
1254 2335 1429 2383 scimus
1460 2331 1611 2400 impie
1643 2336 1884 2386 Divinam
1909 2336 2053 2384 licita-

316 2410 399 2446 tos
422 2397 674 2445 Gratiam:
709 2397 738 2453 J
743 2395 996 2446 ansenium
1020 2399 1246 2448 videmus
1267 2414 1359 2462 pro
1393 2399 1562 2448 Gratia
1584 2397 1799 2448 liberum
1818 2395 2053 2449 vendidit:

317 2460 363 2509 se
386 2460 642 2507 arbitrium
659 2490 672 2512 ‚
695 2458 1089 2529 nundinatorem
1118 2459 1277 2527 magis
1308 2458 1564 2511 scelestum
1579 2495 1591 2516 ‚
1615 2464 1730 2524 quia
1752 2466 1803 2512 ὃς
1825 2459 1986 2512 DEO,
2003 2462 2054 2509 <Sc

314 2523 532 2576 ‚libertati
548 2521 780 2573 liumanae
800 2524 1052 2580 iniurium.
1154 2526 1310 2576 Arios
1331 2526 1385 2575 in
1411 2526 1661 2578 Divinum
1681 2521 2051 2634 Filiumsscimus

1875 2599 1990 2633 acri-
