2242 2911
434 97 494 149 16
934 92 1203 155 Maujblaeum
1230 95 1587 159 Peripateticum.

363 195 432 242 tia
454 185 748 256 discipulum
770 200 880 239 non
901 187 1225 254 arguunt,sed
1243 184 1570 253 Magistrum:
1609 199 1731 236 nam
1753 182 1835 236 illa
1859 185 2070 239 nonnisi
2088 205 2149 241 κ..

365 252 584 309 mula,ut
598 251 965 318 solet,expreffit
988 255 1273 305 contentio,
1286 251 1406 303 cum
1423 251 1721 316 discipulum
1738 250 1928 301 videret
1947 251 2048 308 jam
2065 267 2150 317 pe-

366 336 431 369 ne
455 316 593 383 supra
611 313 927 383 Magistrum.
993 318 1110 375 jam
1134 319 1224 364 tria
1246 312 1395 365 lustra
1410 315 1498 364 sub
1513 316 1725 364 Platone
1745 328 1973 380 exegerat
1995 316 2150 380 Stagi-

368 386 476 437 rita,
500 380 620 431 cum
639 378 731 430 alia
752 380 925 429 sentire
945 378 976 429 a
1002 377 1246 445 Magistro
1272 381 1428 444 cepit:
1473 377 1592 427 hinc
1618 380 1710 427 illae
1728 379 1977 443 lacrymae.
2046 378 2152 428 Sed

368 448 547 497 veritas
571 444 883 510 discipulum,
900 443 1155 492 aemulatio
1182 442 1359 508 agebat
1382 443 1475 492 Ma
1513 438 1711 490 istrum:
1747 441 1884 491 hunc
1904 439 2052 506 quod
2087 441 2153 490 ad

370 510 522 573 usque
549 524 654 557 aras
674 510 888 558 veritatis
913 507 1126 556 coluerit
1145 506 1340 570 semper
1360 539 1377 560 ,
1408 506 1479 555 rel
1506 507 1543 553 is
1571 501 1642 555 est
1662 521 1774 560 ara,
1796 520 1953 570 quam
1985 506 2152 555 Plato-

371 576 423 623 ni
449 584 668 621 erexerat
691 605 704 627 ,
732 572 827 622 hac
862 569 1151 636 epigraphe:
1208 573 1299 618 Hic
1329 568 1408 624 est,
1439 572 1512 616 cui
1531 571 1847 616 reverenciam.
1873 571 1929 617 &
1960 585 2152 616 amorem

373 635 526 684 debent
549 651 702 684 omnes.
806 635 896 684 An
919 634 1076 691 majus
1095 633 1404 699 gratitudinis
1425 642 1835 681 monumentum
1851 631 1913 682 ab
1945 632 2152 682 ethnico

373 703 534 765 exigat
570 698 823 749 ethnicus?
873 699 1017 747 litem
1050 697 1315 755 dijudicate
1347 692 1614 745 Christiani
1646 694 1966 759 Philosophi,
1995 698 2044 746 ὅ(
2073 711 2155 745 Ve-

377 762 496 817 stris,
519 761 765 826 siquidem
786 758 1019 828 potestiS,
1041 761 1277 828 exempli-s
1290 756 1624 810 Aristotelem
1645 758 2007 824 ingratitudinis
2033 774 2156 807 con-

378 828 642 877 demnate:
672 826 803 881 haec,
826 826 881 875 ut
903 826 1188 890 loquimur,
1210 840 1297 889 per
1315 821 1648 891 parenthesin.
1749 823 1962 872 Platone
1983 818 2010 871 ὲ
2032 824 2157 871 vivis

378 891 601 946 sublatO,
624 891 850 955 Stagirita
878 904 1088 952 quoque
1112 887 1342 938 Athenas
1377 887 1593 938 deseruit
1614 919 1630 941 ,
1664 888 1720 936 ,ὃς
1756 887 1810 934 in
1834 884 2054 950 Mysiam
2092 886 2157 934 ad

380 953 794 1019 Hellespontum,
825 952 910 1002 ubi
932 953 1199 1004 Hermiam
1223 966 1435 1016 regnare
1458 962 1745 1016 acceperat,
1765 949 1865 1006 jam
1886 950 2015 998 olim
2038 951 2160 998 ami-

381 1033 528 1072 cum,
559 1016 757 1065 seceffit.
826 1018 922 1065 Hic
940 1031 1051 1065 non
1065 1015 1343 1081 'hospitium
1358 1011 1529 1062 modo
1544 1047 1557 1068 ,
1582 1012 1667 1063 sed
1689 1015 1739 1063 ὃ(
1757 1012 2070 1061 Thalamum
2087 1015 2159 1062 in—

382 1083 546 1132 venit,
568 1079 741 1143 Pythi-,i
762 1082 912 1143 Regis
939 1080 1158 1132 Sorore,
1181 1080 1238 1127 in
1262 1093 1478 1126 uxorem
1505 1074 1675 1124 dueta:
1703 1088 1874 1124 tantos
1904 1088 2025 1124 tunc
2055 1078 2163 1148 qui-

384 1144 506 1192 dem
531 1141 853 1206 Philosophia
877 1141 1163 1189 merebatur
1180 1140 1428 1191 honores.
1522 1139 1627 1187 :Sed
1645 1153 1756 1187 non
1777 1139 1933 1202 longa
1955 1139 2161 1189 felicitas

385 1206 478 1256 fuit
493 1239 506 1260 ,
527 1221 647 1253 nam
668 1200 880 1254 Hermia
898 1202 930 1252 ‚a
951 1201 1102 1252 Persis
1119 1201 1350 1256 demito,
1374 1197 1636 1268 captoque
1657 1201 1994 1266 Philosophus
2008 1236 2021 1258 ,
2050 1204 2163 1253 exul

388 1266 561 1318 denuo
575 1304 586 1320 ,
607 1270 663 1317 -in
681 1267 889 1316 Lesbon
911 1266 1154 1319 Insulam,
1170 1269 1226 1317 §.c
1244 1266 1550 1330 Mytilenen]
1568 1262 1782 1314 transsit:
1819 1266 1918 1314 illic
1942 1267 2165 1329 aliquan-

388 1333 475 1382 diu
502 1344 758 1385 moratus,
787 1342 989 1378 tantum
1016 1328 1167 1379 famae
1201 1327 1612 1394 philosophando
1636 1329 1913 1393 collegerat
1936 1365 1948 1380 ,
1981 1342 2037 1378 ut
2069 1333 2164 1379 exi-

389 1398 514 1445 lium
535 1397 584 1443 in
605 1394 772 1443 aulam
795 1404 1029 1442 mutaret,
1130 1393 1272 1442 Nam
1293 1392 1464 1440 litteris
1496 1391 1523 1440 a
1543 1391 1776 1456 Philippo
1808 1392 2167 1443 Macedonum

388 1463 532 1510 Reffe
555 1460 804 1511 invitatus,
826 1455 1122 1506 Alexandro
1149 1452 1456 1503 instituendo
1477 1451 1716 1519 Magister
1737 1455 2017 1519 praeficitur.
2086 1460 2166 1507 En

392 1499 609 1589 epistolae
630 1519 985 1586 syngrapham:
1039 1522 1193 1565 Natus
1216 1517 1480 1578 mihi-filim,
1501 1516 1772 1573 Arffloteles,
1792 1535 1877 1582 quo
1927 1520 2067 1566 uidem
2089 1537 2166 1566 ve-

392 1585 746 1635 hementerllaetor
755 1606 773 1639 ,-
806 1585 880 1641 sed
897 1600 978 1629 non
999 1595 1090 1629 tam
1112 1582 1222 1645 qubd
1251 1594 1401 1632 natus,
1421 1580 1553 1644 quc'im
1573 1582 1684 1644 quini
1711 1598 1757 1628 eo
1771 1585 1871 1643 poti
1899 1599 2030 1629 amum
2056 1596 2166 1631 tem-

387 1662 494 1712 pore
515 1661 661 1700 natm,
682 1664 762 1711 quo
777 1660 832 1695 *tu
845 1659 997 1694 ‚tantm
1014 1682 1026 1697 ,
1060 1645 1247 1709 talisque
1264 1645 1537 1704 Philofiiphm
1554 1647 1596 1690 εἱ
1605 1649 1761 1706 praeire
1771 1657 1897 1706 potes
1920 1647 1974 1691 ad
1994 1650 2167 1707 Sapien-

394 1717 503 1761 tiam
527 1714 583 1760 (Ψ
602 1714 821 1760 >virtutem
837 1743 854 1766 a
887 1726 938 1757 ac
969 1711 1139 1770 dignum
1164 1707 1328 1770 efficere
1350 1710 1605 1772 dzjgnitatis,
1622 1708 1909 1774 p.otentt'aeque
1942 1725 2042 1755 meae
2074 1711 2167 1769 suc-

395 1786 455 1830 ces
471 1793 576 1823 zone.

433 1781 469 1839 ⁶]
520 1838 717 1890 LEUC:
784 1837 1108 1903 Spec‘iosum,
1129 1838 1249 1901 quia
1274 1838 1417 1901 regio
1438 1834 1694 1885 firmatum
1716 1836 1906 1901 Sigillo,
1921 1837 2164 1904 elogium.

396 1905 515 1968 Spes
547 1905 721 1967 ‚utique
745 1903 1054 1966 impleverit,
1084 1900 1194 1951 imo
1227 1900 1528 1965 superaverit
1554 1901 1812 1964 Stagirita?
1879 1905 2033 1950 MEL:
2103 1918 2168 1951 ne

396 1968 586 2016 dubita.
655 1965 860 2030 Agebat
890 1978 1011 2014 tunc
1039 1964 1328 2013 Alexander
1351 1977 1589 2026 quartum
1621 1965 1880 2012 decimum
1911 1967 2062 2013 aetatis
2084 1981 2170 2014 an-

398 2047 551 2082 num3
588 2029 709 2078 osto
732 2030 852 2077 alios
875 2030 1035 2093 regius
1058 2028 1342 2077 adolescens
1367 2027 1456 2076 sub
1474 2023 1751 2076 Aristotele
1771 2031 1980 2082 meruit,
1996 2028 2057 2076 ab
2081 2025 2169 2078 eo-

398 2109 498 2157 que
526 2089 842 2155 eloquentia,
866 2091 1072 2156 physicis
1096 2125 1111 2145 ,
1141 2089 1441 2144 moralibus,
1461 2091 1706 2154 politicis,
1736 2087 2028 2153 arcanisque
2059 2095 2169 2140 arti-

398 2157 490 2206 bus
526 2154 547 2212 (
567 2171 687 2217 quas
707 2155 823 2203 huie
848 2157 932 2202 uni
960 2153 1259 2203 commisisse
1285 2153 1575 2203 Plutarchus
1602 2152 1789 2210 tradit)
1823 2153 2047 2203 imbutus
2070 2151 2167 2208 est3

400 2224 452 2270 δε
473 2219 680 2283 quidem
699 2230 842 2266 tanto
863 2218 1109 2282 profectu,
1134 2230 1188 2266 ut
1214 2218 1497 2282 peregrinus
1520 2216 1576 2265 fit
1596 2219 1648 2265 in
1669 2216 1820 2270 orbe,
1842 2219 1929 2279 qui
1950 2219 2167 2281 ignoret,

400 2282 752 2334 Alexandrum
769 2315 781 2334 ,
805 2283 950 2329 omni
974 2282 1247 2330 moralium
1272 2282 1515 2330 virtutum
1538 2295 1745 2345 genere,
1765 2294 1875 2342 quae
1897 2281 2020 2329 illud
2041 2279 2169 2330 fasti-

401 2348 544 2412 gium
573 2344 833 2397 decebant,
855 2343 918 2392 sle
940 2342 967 2391 a
988 2343 1300 2409 Philosopho
1325 2341 1634 2398 instrtffitum,
1660 2355 1714 2392 ut
1731 2344 2033 2408 praecelleret
2051 2361 2169 2394 cun-

402 2411 519 2461 dos,
536 2404 812 2475 paremque
835 2409 999 2472 Reges
1021 2410 1147 2456 inter
1168 2423 1279 2456 non
1303 2420 1605 2456 numeraret.
1681 2406 1916 2470 Agnovit
1937 2408 2042 2455 hoe
2060 2408 2171 2457 Phi-

405 2474 565 2538 lippus
589 2505 602 2528 ,
638 2474 722 2537 qui
756 2473 1054 2535 Praeceptori
1079 2482 1223 2519 tanto
1255 2467 1458 2520 statuas.
1484 2474 1535 2522 δε
1566 2468 1764 2536 publica
1796 2470 1958 2535 posuit
1983 2485 2169 2521 monu-

406 2549 598 2589 menta,
698 2535 933 2601 Agnovit
959 2533 1164 2601 ipsemet
1193 2534 1509 2590 Alexander,
1533 2535 1617 2598 qui
1638 2545 1812 2600 praeter
1837 2530 2041 2587 statuas,
2067 2535 2169 2589 ejus

1897 2610 2107 2660 quoque
