2175 2911
104 1278 185 1336 Ep.
202 1275 254 1320 ad

100 1339 242 1391 Lucil.

415 139 432 170 1
444 125 473 168 6
477 126 504 172 8
1023 119 1219 168 Ariadne
1239 116 1427 181 Physica.

337 213 499 266 missas
522 210 716 265 &Partis
735 211 947 263 adversae
969 215 1214 279 principiis
1245 211 1480 262 dedustas
1511 226 1521 258 :
1558 211 1667 273 quis
1694 209 1842 275 igitur
1866 210 1992 261 vitio
2016 215 2099 267 da-

336 281 409 328 bit
439 278 825 329 conclusionem
850 311 862 332 ,
899 293 1007 340 quae
1050 278 1143 327 ess'e
1172 275 1457 326 verosimile
1485 275 1664 324 inferat
1694 307 1708 328 ,
1728 275 1983 339 Corylum
1997 279 2102 342 Hy-

337 342 579 408 drargyro
604 342 958 392 sicanimatum
983 374 997 396 ‚
1032 342 1354 391 inclinatione
1368 336 1700 403 sympathiea,
1736 339 1929 388 Paetoli
1952 356 2105 391 venas

339 406 573 471 detegere
591 441 604 462 ‚
635 401 953 472 prodereque
975 404 1227 454 thesauros
1250 436 1261 457 ,
1297 405 1349 450 in
1378 415 1515 450 terrae
1544 402 1805 452 visceribus
1838 402 2100 468 consepulss

340 473 461 521 tos?
507 467 740 536 profecto
770 468 1001 518 ass'crtum
1033 468 1339 518 confirmant
1369 465 1476 530 ipsae
1515 467 1664 514 etiam
1695 463 2102 535 circumstantiae,

346 551 456 599 quae
477 532 639 598 prima
657 535 827 582 fronte
845 533 968 582 illud
988 532 1258 582 infirmant.
1329 530 1380 578 N
1386 545 1467 577 am
1487 529 1645 592 liquet
1675 535 1812 578 Iino.
1838 544 1927 578 cur
1941 534 2106 596 virgu-

345 601 408 655 la,
430 601 481 646 in
498 596 750 662 superficie
775 598 1183 645 venaemetallicae
1204 593 1451 645 crescens,
1473 606 1557 641 aut
1579 608 1635 641 ex
1653 591 1758 657 ipso
1779 605 1918 641 terrae
1940 594 2106 644 fundo

346 674 490 710 enata
521 664 704 710 eaeteris
729 660 1026 726 praeferatur.
1114 657 1234 707 zd‘o.
1274 658 1380 707 Cur
1412 672 1520 705 non
1551 671 1731 704 omnes
1764 657 1963 720 virgulae
1988 673 2106 706 eun-

348 726 468 775 dem
494 722 723 789 praestent
755 722 1007 773 est'ectum.
1096 723 1215 780 3tio.
1254 722 1361 770 Cur
1386 720 1517 777 juxta
1547 720 1770 781 aliquos,
1805 720 1973 768 calore
2003 737 2105 770 ma-

347 806 510 838 nuum
531 790 740 837 animari
758 790 951 851 virgam
974 798 1225 851 oporteat.
1295 785 1401 834 Cur
1422 784 1639 846 denique
1660 783 1860 846 Cotylo
1887 786 1938 832 in
1950 785 2107 833 Pleni-

351 854 494 909 lunijs
527 851 583 899 fit
615 852 780 907 major
806 854 957 899 virtus
986 868 996 898 :
1049 849 1294 910 siquidem
1330 860 1451 896 tune
1475 846 1718 910 Cynthia,
1739 847 1982 896 validiore
2015 849 2108 898 clo-

351 918 516 965 minio
537 948 550 967 ,
565 916 663 963 ciet
674 914 915 963 humores
930 947 943 968 ,
962 911 1244 975 movetque
1258 911 1464 960 humida
1487 925 1704 974 corpora
1718 942 1729 963 ,
1751 910 1898 972 quale
1913 914 2109 976 praepri-

350 981 446 1027 mis
463 978 555 1025 effe
567 979 957 1040 Hydrargyron,
980 977 1513 1024 oculatumneminem
1535 975 1686 1022 latere
1718 969 1898 1036 potest.
1978 978 2110 1024 Non

350 1041 436 1090 hie
456 1041 687 1104 allegabo
709 1039 1096 1088 Authoritatcm
1110 1068 1122 1088 ,
1147 1040 1213 1101 ὃς,
1228 1035 1412 1086 fidem,
1434 1049 1590 1094 quam
1622 1037 1976 1096 interponunt,
1997 1038 2110 1086 Viri

346 1118 452 1153 tam
472 1104 533 1166 pij
550 1136 562 1155 ,
585 1100 741 1163 quam
767 1100 931 1151 docti,
951 1110 1069 1160 puta
1099 1097 1317 1160 pijssimi,
1341 1109 1568 1155 quorum
1603 1096 1936 1159 multiplicem
1968 1113 2110 1164 expe..

345 1170 576 1217 rientiam
598 1163 807 1226 Magicae
829 1160 1014 1209 fraudis
1033 1155 1305 1224 postulare,
1337 1173 1494 1206 nemo
1512 1161 1619 1221 pius
1644 1189 1656 1211 ,
1684 1156 1925 1221 -doettiscp
1941 1161 2110 1224 praesu.

347 1243 471 1278 met.
541 1228 662 1275 Haee
681 1224 892 1274 Author
912 1223 992 1272 hie
1006 1222 1228 1275 celebris,
1249 1222 1370 1270 illud
1391 1222 1591 1270 Seneeae
1615 1221 1819 1276 addens,
1835 1224 2111 1287 epiphone-

349 1294 494 1340 matis
515 1289 638 1339 loco
653 1322 665 1344 ,
687 1287 805 1335 nond
815 1288 990 1346 fitmmzks
1009 1285 1139 1333 [alam
1157 1285 1233 1341 esta
1249 1288 1455 1339 vem'nnt5
1489 1284 1648 1332 habent
1669 1286 1728 1331 lm
1745 1300 1869 1332 voces
1894 1303 1991 1334 meae
2004 1287 2108 1347 fun·

348 1358 612 1402 damentum.

476 1415 674 1466 LEUC:
745 1416 946 1464 Exirem
965 1409 991 1462 ὲ
1014 1412 1170 1462 horto
1191 1413 1372 1477 Magia:
1396 1413 1665 1468 Botanieo‚
1690 1411 1742 1462 ni
1762 1412 1823 1462 ad
1843 1413 2016 1469 limen,
2029 1429 2109 1480 pa.

345 1481 542 1532 radoxo
562 1478 841 1543 spectaculo
863 1478 1105 1526 detineret
1126 1491 1210 1524 me
1228 1478 1435 1525 Laurus,
1494 1474 1652 1531 Itane,
1673 1476 1817 1539 quod
1840 1481 2002 1534 ajunt,
2021 1482 2110 1532 tria

317 1579 320 1581 Δ
347 1544 405 1595 sit
427 1544 666 1607 reperire,
691 1543 890 1603 in-quae,
914 1555 1029 1589 raro
1059 1542 1265 1590 Naturae
1285 1541 1568 1605 privilegio,
1591 1541 1783 1590 nullam
1810 1539 2111 1604 potestatem
2138 1582 2142 1594 ³

348 1610 499 1656 etiam
511 1607 703 1677 Jupiter
715 1604 1011 1654 fulminans?
1077 1605 1232 1650 MEL:
1302 1604 1382 1652 Sic
1405 1617 1670 1654 autumant
1681 1603 2110 1670 Physiologorum

351 1687 462 1720 non
489 1674 653 1718 inania
683 1670 942 1718 Nomina:
991 1666 1019 1716 a
1046 1667 1225 1730 quibus
1254 1667 1534 1732 persuasum
1554 1701 1567 1721 ,
1592 1682 1735 1722 reor,
1767 1668 2109 1720 octavianum
2173 1712 2175 1719 Α

351 1728 644 1799 Augustum
661 1766 673 1786 ,
696 1743 750 1781 ut
772 1732 914 1781 vituli
940 1733 1119 1779 marini
1140 1731 1323 1795 pellem
1346 1747 1439 1795 pro
1458 1734 1598 1780 scuto
1628 1730 1858 1781 adversus
1876 1731 2109 1789 fulmina,

351 1810 619 1861 nunquam
655 1812 766 1846 non
796 1794 1165 1844 circumferret:
1211 1795 1482 1849 Severum,
1504 1806 1559 1843 ut
1587 1794 1776 1843 eodem
1800 1796 1947 1844 corio
1976 1796 2109 1846 leffi-
2172 1801 2175 1816 ³

352 1877 467 1911 eam
500 1858 788 1924 obtegeret:
834 1858 1124 1913 Tiberium,
1153 1870 1207 1907 ut
1233 1869 1374 1907 metu
1401 1858 1622 1907 fulminis
1656 1857 1930 1923 perculsus,
1954 1857 2110 1911 subita
2172 1854 2173 1905 j

351 1927 523 1975 Lauro
538 1922 584 1972 se
597 1934 884 1972 coronaret.
937 1924 1215 1971 Rationem
1229 1920 1263 1970 fi
1283 1923 1610 1987 petaS‚plures
1629 1924 1681 1969 in
1701 1922 1968 1971 cumulum
1990 1939 2111 1974 con·
2169 1921 2172 1980 ξ

353 2002 557 2052 gerunt,
583 2002 692 2050 quae
720 1999 892 2035 tamen
912 1985 1075 2034 fulcro
1097 1987 1376 2050 antipathia:
1407 1988 1560 2035 unico
1583 1987 1879 2034 innituntur.
1963 1987 2044 2036 Sic
2063 2003 2110 2036 e·
2132 2012 2135 2014 ·
2167 2018 2170 2050 ,⁶

354 2054 463 2099 nim
485 2064 699 2117 arguunt
727 2049 754 2099 ὲ
777 2052 896 2115 pari.
967 2050 1103 2103 Vitis,
1120 2052 1337 2101 Laurum,
1360 2052 1409 2100 ὅς
1430 2051 1648 2097 Hederam
1667 2048 1802 2098 fatali
1831 2045 1962 2099 adeo
1991 2066 2109 2101 nau·
2166 2057 2175 2092 '-

355 2112 434 2163 sea
467 2116 734 2168 aversatur,
761 2127 842 2167 ut,
866 2112 1017 2162 sicubi
1037 2115 1255 2162 vicinam
1278 2111 2109 2177 sentiat,inadversamsetorqueat
2170 2132 2175 2141 ·

354 2190 576 2244 partem,
600 2175 951 2240 quantumque
979 2173 1169 2242 potest,
1208 2176 1270 2225 ab
1297 2177 1387 2226 illis
1415 2179 1626 2242 refugiat
1649 2194 1659 2225 :
1705 2178 2106 2242 experimentum
2163 2231 2167 2236 ,

359 2242 497 2291 dabit
517 2255 602 2290 vas
626 2241 986 2294 hederaeeum,
1015 2243 1096 2289 cui
1128 2240 1163 2289 si
1193 2243 1370 2290 vinum
1396 2241 1657 2295 infundas,
1678 2239 1883 2291 Thetidi
1914 2245 2108 2290 marita-

358 2316 468 2354 tum
485 2338 498 2359 ,
522 2306 701 2352 vinum
730 2302 854 2353 odio
888 2305 1045 2351 hedera
1078 2303 1102 2362 (
1125 2317 1420 2354 remanente
1443 2303 1612 2368 aqua)
1649 2303 1921 2354 effunditur
1943 2300 2105 2357 illico,

361 2368 644 2418 hederae-eo
686 2367 796 2414 vase
836 2369 1176 2429 nequicquam
1225 2369 1478 2430 liquorem
1525 2369 1803 2434 profugum
1843 2370 2104 2416 retinente.

361 2432 543 2493 Braffica
565 2431 702 2494 fugat
727 2432 864 2475 vitem
893 2463 905 2484 ‚
943 2430 1022 2478 sed
1040 2436 1087 2482 ὃ(
1120 2430 1327 2480 νίεἰίίὶιῃ
1351 2432 1549 2497 fugatur
1569 2433 1598 2483 ὲ.
1626 2433 1872 2494 cyclamino,
1939 2430 2105 2475 scillam

360 2497 666 2547 aversantur,
693 2494 742 2542 ὅ(
771 2491 969 2555 fugiunt
991 2495 1115 2560 lupi:
1159 2495 1370 2544 herbam
1400 2501 1607 2551 timent,
1631 2495 1863 2546 homines
1891 2503 2103 2541 terrent:
2156 2523 2160 2541 ι

2156 2363 2175 2519 l

359 2560 581 2615 ferrum,
605 2550 899 2620 strietosque
918 2559 1140 2610 acinaces
1167 2574 1278 2612 non
1305 2560 1610 2616 formidant,
1631 2561 1682 2611 ὅς
1707 2567 1879 2607 tamen
1909 2554 2105 2606 colliso·
2154 2543 2175 2615 js

1921 2633 2039 2668 rum
2104 2671 2107 2674 ,
2152 2647 2156 2682 3
