2175 2911
390 140 408 173 1
421 126 481 184 64
985 118 1182 168 Ariadne
1201 116 1391 182 Physica.

319 212 492 267 Pater,
511 210 607 262 flos
628 209 784 263 veluti
807 208 1106 277 indignatus,
1126 211 1336 262 inimico
1367 209 1604 264 adventu,
1633 205 1808 258 sensim
1835 206 2069 272 colligere

317 276 468 327 folia,
491 276 714 326 odorem
743 274 1021 331 retrahere,
1059 279 1108 328 ὃς
1138 277 1303 325 clauso
1325 275 1638 339 pertinaciter
1661 275 1845 325 vertice
1878 272 2075 320 tamdiu

318 336 598 405 persistere,
623 341 775 403 usque
803 340 928 389 dum
953 339 1175 390 Phoebus
1201 339 1412 402 Olympi
1441 340 1682 387 verticem
1716 335 1968 391 emensus,
1989 334 2076 383 fes-

318 403 397 453 sos
417 403 480 452 ad
502 405 658 455 undas
678 403 951 468 Hesperias,
967 402 1136 453 denuo
1155 403 1326 466 dirigat
1344 401 1544 464 jugales.
1612 402 1732 450 Haec
1754 400 1931 450 omnia
1955 414 2079 447 mox

321 466 384 515 ad
403 468 586 531 Magiae
608 465 867 534 praestigias
895 467 1153 517 damnabit
1176 482 1233 514 ex
1259 464 1551 528 agasonibus
1580 464 1862 528 conflatum
1881 463 2076 526 vulgUS.
2133 473 2136 475 ·

66 533 281 586 lucianus
322 529 422 581 Sed
442 531 692 586 ejusmodi
714 532 987 582 Melitidem,
1020 543 1097 577 aut
1124 528 1365 578 Choroebnm
1395 545 1462 574 me
1491 545 1652 592 qnoque
1677 540 1803 588 putes
1824 539 1904 587 per
1927 525 2078 573 Deos?

322 593 487 649 Absit,
510 595 663 644 latere
684 597 858 659 nequit
881 594 1244 659 Philosophum
1262 594 1468 642 Natura*
1490 595 1642 640 virtus
1657 625 1668 644 ‚
1693 606 1802 653 quae
1823 606 1909 655 per
1930 589 2084 652 quali·

321 671 446 708 tates
474 657 827 723 sympathicas,
855 659 935 709 vel
958 657 1281 723 antipathicas
1305 657 1555 714 ejusmodi
1585 658 1711 704 mira
1736 668 1996 720 operatur,
2019 653 2083 702 ad

323 737 434 788 quae
452 725 670 786 imperiti
696 722 862 777 hiant,
887 723 1024 771 velut
1046 721 1308 771 Miracula.

452 787 651 837 LEUC:
730 788 788 835 In
816 798 955 835 tuam
986 786 1162 834 lubens
1197 782 1432 833 concedo
1465 783 1802 834 Sententiams
1849 776 2084 846 profesto

321 849 580 900 lucrantur
609 848 758 902 nihil,
791 851 876 911 qui
904 851 955 898 in
984 851 1189 898 Naturae
1220 847 1456 912 operibus
1478 881 1492 897 ,
1522 848 1787 909 Magicum
1816 846 2086 910 derepente

323 913 569 963 Tribunal
588 914 852 978 appellant.
953 909 1217 961 Veriffime
1248 913 1392 963 dixit,
1413 911 1499 972 qui
1527 910 1646 958 dixit
1658 926 1672 961 3
1700 912 1888 969 pigritia:
1909 912 2087 954 immen-

71 963 234 1012 SChon·
320 976 371 1035 sa:
387 975 481 1035 fitit
501 979 740 1026 inventum,
763 979 902 1021 omnia
923 978 966 1020 in
984 975 1219 1021 Diabolum
1242 972 1442 1030 retalzffe,
1457 989 1634 1034 quaenon
1657 975 1857 1031 capimus.
1926 974 2083 1017 MEL:

70 1027 200 1075 thav.
329 1036 605 1104 Apposite:
631 1039 781 1086 haber
802 1035 1124 1098 Philosophia
1147 1036 1412 1096 geminum
1433 1049 1685 1080 carcerem
1700 1050 1713 1084 3
1750 1050 1877 1081 unus
1888 1035 2095 1082 Haereti-

70 1087 258 1151 P·4·l·5·
330 1118 448 1156 cos,
474 1103 594 1151 alter
615 1100 932 1161 Morologos
956 1096 1361 1159 comprehendit.
1430 1096 1705 1144 Hatreticos
1740 1095 1980 1149 declarat,
2005 1098 2094 1158 qui

329 1166 432 1216 fine
458 1165 627 1214 fronte
654 1173 840 1224 negant
868 1160 1220 1223 experientias,
1245 1154 1411 1207 modo
1443 1158 1634 1207 tectum
1664 1155 1990 1207 stramineum
2022 1159 2095 1208 su-

329 1241 530 1294 perent:
567 1227 909 1288 Morologoffi
937 1223 1050 1284 qui,
1073 1237 1182 1284 quae
1219 1221 1418 1286 palpare
1442 1233 1651 1284 utraque
1673 1238 1829 1271 manu
1853 1238 1963 1270 non
1986 1221 2094 1286 pos·

331 1293 467 1344 sunt,
492 1290 555 1338 ad
577 1289 716 1340 AEaci
740 1289 934 1338 Urnam
958 1282 1208 1334 continuo
1230 1280 1469 1349 relegant.
1539 1288 1654 1335 Nos
1677 1301 1796 1334 cum
1811 1286 1973 1350 Psyllis
1992 1291 2096 1336 ina-

171 1370 202 1406 a
332 1370 456 1403 nem
480 1351 731 1403 Austrum
751 1350 889 1399 bello
912 1348 1141 1400 lacessere
1165 1348 1433 1398 nolumus:
1471 1349 1723 1398 credimus
1743 1350 2010 1404 credenda,
2032 1365 2097 1399 ne

75 1425 132 1473 In
146 1428 281 1469 Prov.
334 1431 507 1468 tamen
531 1417 720 1465 venalis
741 1413 796 1464 fit
818 1413 963 1462 fides:
1004 1416 1054 1463 ὅ(
1077 1415 1127 1461 in
1160 1414 1365 1461 Naturae
1388 1409 1629 1476 mysteriis
1660 1414 1911 1462 malumus
1934 1414 2098 1478 philo-

77 1489 257 1556 Qan-
334 1479 710 1547 sophari‚quam
729 1481 781 1527 in
806 1477 1002 1526 inscitia:
1022 1476 1154 1529 asvlo
1177 1477 1389 1524 inaniter
1411 1475 1638 1525 fabulari.
1706 1479 1870 1540 Pergo
1895 1477 2097 1532 referre,

79 1562 225 1612 rung.
337 1560 451 1608 quae
482 1544 641 1592 relatu
676 1542 824 1607 digna
846 1532 1186 1599 judicaverant
1215 1540 1310 1594 illi,
1335 1554 1466 1602 quos
1493 1541 1716 1589 necdum
1747 1543 1883 1595 odit,
1906 1539 2098 1604 quique
2147 1552 2175 1566 ‘¹

78 1615 243 1659 dicitur
339 1608 562 1657 necdum
595 1603 755 1655 odere
793 1604 1046 1653 eruditum
1081 1604 1384 1668 Peripatum.
1454 1619 1482 1652 a
1534 1605 1664 1652 Sinae
1691 1606 1914 1669 plantam
1947 1621 2100 1654 mon-

78 1671 306 1736 Chisung
340 1669 494 1720 strant
523 1670 745 1721 AEoliarn
772 1702 787 1722 ‚
813 1683 923 1731 quae
955 1665 1205 1717 monstrat
1239 1679 1440 1715 ventos:
1479 1682 1536 1715 ex
1559 1668 1824 1716 nodorum
1848 1684 2066 1717 numero
2083 1703 2098 1724 ‚

82 1738 242 1795 Kirch.
260 1739 303 1781 in
340 1746 503 1784 nautae
528 1745 798 1783 numerant
821 1727 1137 1796 tempestates
1163 1731 1378 1780 futuras:
1417 1745 1474 1779 ex
1505 1731 1825 1780 multitudine
1843 1732 2100 1794 geniculo·

81 1804 204 1854 Chin,
219 1800 272 1847 il·
339 1814 454 1849 rum
468 1831 482 1852 ‚
501 1800 705 1862 copiam
725 1808 998 1846 ventorum
1022 1794 1274 1844 divinant-1
1310 1810 1368 1843 ex
1387 1793 1484 1859 ipsa
1505 1793 1768 1844 nodorum
1795 1794 1821 1843 a
1843 1795 2008 1842 radice
2027 1795 2100 1842 di-

83 1865 180 1922 lust.
341 1859 515 1912 stantia
529 1895 542 1917 ‚
563 1860 790 1910 mensem
809 1854 1108 1924 tempestatis
1130 1859 1333 1913 futurae,
1355 1873 1464 1907 non
1495 1857 1818 1921 improbabili
1841 1854 2026 1906 trutina
2049 1859 2103 1907 li-

183 1928 218 1978 b
341 1927 513 1981 brant,
542 1927 593 1976 &
616 1926 927 1974 ominamur.
1027 1922 1164 1972 Rosa
1191 1923 1378 1975 Sintica,
1399 1921 1661 1970 arboribus
1688 1922 1858 1970 innata
1879 1954 1892 1975 ‚
1924 1921 2099 1971 diebus
2172 1903 2174 1946 ἶ

89 1995 252 2042 dicitur
345 1989 542 2054 singulis
565 1990 637 2038 bis
659 2000 824 2037 mutat
854 1987 1112 2039 colorem,
1131 2000 1268 2034 nunc
1296 1988 1433 2033 enirn
1458 1999 1729 2050 purpuram
1754 1985 1942 2038 induit,
1966 2001 2104 2035 nunc

85 2055 306 2108 PusuA-
349 2053 645 2102 candorem.
728 2051 995 2102 Provincia
1013 2050 1271 2114 Huquang
1288 2048 1498 2097 herbam
1525 2049 1556 2096 b
1586 2049 1672 2097 tibi
1694 2051 1930 2113 porriget,
1944 2063 2100 2111 quam

90 2122 174 2171 tlas
192 2120 280 2166 Sin.
350 2115 385 2167 fi
409 2114 537 2178 aqua
571 2128 877 2164 maceratam
900 2114 1145 2164 sorbilles,
1169 2115 1371 2162 canities
1403 2111 1591 2160 defluet
1612 2145 1625 2166 ‚
1659 2107 1865 2174 aterque
1893 2112 2099 2177 capillos

193 2197 223 2230 c
352 2196 478 2232 mox
497 2183 653 2242 tinget
681 2181 851 2228 color:
887 2177 1004 2227 hinc
1027 2178 1372 2223 immortalitati&
1397 2178 1609 2225 nomine
1637 2174 1768 2224 hanc
1795 2175 2004 2224 herbam
2027 2175 2097 2223 Si·

95 2250 152 2298 In
166 2251 301 2293 Prov.
353 2260 427 2294 nae
450 2239 825 2295 condecorant,
847 2239 974 2291 falso
1001 2240 1207 2306 persuasi
1222 2273 1235 2294 ‚
1255 2237 1399 2303 quod
1414 2273 1426 2292 ‚
1447 2239 1532 2288 ubi
1555 2239 1772 2288 crinibus
1800 2240 2097 2292 color,c0r-
2173 2262 2175 2275 ι

97 2313 277 2378 Quan-
354 2310 467 2375 pori
496 2307 701 2356 redeant
731 2307 957 2362 Juventae
980 2306 1134 2359 vires,
1158 2306 1208 2354 ὅ(
1231 2301 1462 2352 exhausta
1492 2301 1665 2352 denuo
1692 2302 1944 2352 reviviscat
1967 2312 2095 2348 aetas,

98 2388 242 2438 tung.
355 2388 383 2422 c
417 2371 577 2422 Iidem
605 2370 730 2418 Sinae
761 2370 958 2416 viminis
988 2383 1143 2431 genus
1174 2364 1477 2422 ostendunt,
1507 2367 1648 2423 variis
1676 2366 1838 2416 usibus
1861 2377 2103 2428 opportu-

100 2441 264 2486 dicitur
355 2452 501 2486 num.
569 2435 725 2484 Nunc
751 2431 893 2479 servit
915 2433 1204 2480 rudentium
1234 2427 1397 2485 instar,
1416 2446 1535 2480 nam
1568 2430 1880 2495 pertinaciter
1904 2427 2101 2476 fractio-

97 2503 266 2562 Teng.
353 2503 407 2551 ni
426 2494 620 2550 resistit5
641 2510 793 2545 ¹nunc
815 2495 1003 2543 munda
1023 2507 1160 2560 parat
1175 2494 1355 2551 sedilia,
1375 2510 1494 2544 nam
1511 2492 1762 2544 immundi
1783 2489 1848 2539 nil
1875 2488 2101 2542 sustine&
2173 2482 2175 2507 ¹

103 2563 214 2619 ibid.
354 2580 493 2618 nune
515 2573 715 2631 gratum
732 2559 1031 2619 corporibus
1052 2559 1365 2625 refrigerium
1393 2559 1605 2625 praebet,
1625 2552 1793 2608 aestatis
1813 2554 1981 2604 calore
1999 2555 2103 2605 lan-

1882 2633 2035 2686 guen-

2173 2359 2175 2376 l

2173 2381 2175 2402 1

2174 2408 2175 2424 l

2173 2541 2175 2549 ι

2166 2602 2170 2634 l

2164 2755 2175 2911 21
