2175 2911
111 691 322 748 Kircher.

111 758 240 816 Mag.

111 821 236 868 Med.

108 883 308 932 Mathio-

115 944 198 992 lm„

435 144 454 176 1
466 134 524 177 62
1039 124 1234 174 Ariadne
1254 121 1442 186 Physica.

361 225 495 276 Tam
516 222 699 272 miram
722 220 1018 285 qualitatum
1039 219 1337 282 temperiem
1357 215 1392 265 si
1409 216 1460 263 in
1484 215 1659 280 plantis
1679 215 2006 270 admittimus,
2019 233 2105 271 eut

363 288 593 341 similem,
617 289 666 337 ὅ(
698 281 725 335 ὲ
752 285 894 334 simili
914 297 1085 348 parem
1109 285 1345 331 virtutem
1374 281 1426 326 in
1450 295 1584 334 uno,
1605 291 1690 328 aut
1715 279 1874 327 altero
1894 279 2108 330 homine

362 367 473 401 non
499 350 851 398 admittamus?
918 348 1072 393 MEL:
1141 346 1278 393 Dicis
1298 374 1311 396 ,
1339 343 1483 403 quod
1507 342 1602 390 dixi
1625 342 1869 407 superius,
1889 342 2007 391 cum
2037 346 2108 392 in-

363 427 437 463 ter
459 413 690 463 naturalis
712 413 892 474 Magiae
918 409 1152 474 principia
1184 422 1291 454 non
1320 406 1555 454 ultimum
1588 405 1680 454 effe
1712 406 1931 453 dicerem
1959 407 2110 456 eoele-

363 474 457 526 stes
477 476 706 526 influxus.
806 477 867 523 Et
898 475 1012 536 quia
1033 471 1329 521 Botanicam
1356 483 1404 516 es
1434 468 1694 532 ingressus,
1715 471 1967 522 unam‚.&
1993 470 2109 518 alte-

363 556 474 589 ram
497 539 584 588 tibi
605 534 904 587 monstrabo
932 536 1152 600 plantam
1167 566 1179 587 ,
1196 532 1331 589 cujus
1360 533 1597 580 virtutem
1619 533 1876 594 Magicam
1905 527 1931 580 ὲ
1951 544 2108 588 terrae,

363 604 626 652 climatum
651 635 664 656 ‚
697 598 1029 661 Siderumque
1055 597 1245 647 influxu
1274 597 1415 644 vario
1445 594 1749 651 dijudicabis.
1849 595 2110 660 Serpentes

359 663 551 730 querna
571 665 755 714 fronde
782 663 998 713 contaCti
1018 663 1359 709 emoriuntur:
1398 660 1575 724 viperae
1605 658 1702 722 fagi
1730 654 1865 720 virga
1883 659 2111 722 percuffae

360 728 746 794 obstupescunt:
794 728 932 775 alunt
968 740 1177 787 quoque
1207 723 1416 772 herbam
1454 735 1656 770 montes
1691 721 1837 769 Italiae
1865 754 1877 773 ‚
1903 736 2012 783 quae
2048 724 2110 772 ab

362 797 500 856 equis
532 792 718 840 calcata
747 790 953 854 ungulas
985 787 1205 835 extrahit.
1310 788 1612 849 Eryngium‚
1637 784 1801 832 herba:
1823 799 2002 848 genus,
2032 791 2110 837 ori

361 857 560 921 capellae
579 851 826 919 ingestum
842 886 853 906 ‚
879 866 984 902 tota
1008 847 1120 900 sistit
1146 863 1390 899 armenta,
1412 863 1463 895 ut
1483 848 1670 909 absque
1693 851 1852 910 Tityri
1878 849 2111 912 vigilante

359 921 514 984 pedo,
530 920 708 967 ovium
728 917 860 965 nulla
883 929 1032 978 queat
1046 915 1300 979 aufugere,
1322 912 1401 962 vel
1424 911 1666 964 aberrare,
1689 912 1839 972 usque
1857 910 1981 959 dum
2004 912 2112 962 her-

360 986 424 1034 ba
448 982 553 1031 haec
574 980 924 1040 thavmaturga
945 993 1034 1025 ore
1058 975 1230 1025 denuo
1256 978 1514 1024 eximatur.
1586 974 1725 1036 Qid
1744 974 1906 1021 dicam
1934 973 1996 1021 de
2018 977 2108 1023 vir-

360 1046 547 1096 tutibus
566 1043 834 1090 herbarum
855 1040 1076 1088 medicis,
1091 1053 1199 1098 quae
1223 1038 1483 1097 Oedipum
1504 1035 1609 1087 jure
1632 1047 1856 1096 peterent
1877 1036 2112 1085 Salonio-

359 1109 510 1158 nem?
546 1105 625 1154 sed
651 1118 769 1150 cum
788 1101 1069 1148 Salomone
1089 1101 1314 1160 Magiam
1333 1097 1630 1144 Botanicam
1661 1097 1876 1159 sepelivit
1900 1099 2111 1155 Natura,

365 1185 421 1221 ut
450 1170 598 1218 sciant
620 1163 892 1215 Mortales,
917 1174 1062 1206 contra
1089 1163 1181 1204 vim
1211 1163 1363 1205 mortis
1385 1174 1464 1203 non
1495 1155 1566 1215 esse
1593 1159 1851 1204 medicamen
1883 1162 1928 1204 in
1949 1162 2109 1211 hortis:

362 1247 419 1282 ut
443 1231 788 1291 intelligerent,
808 1240 917 1272 non
939 1227 988 1272 in
1008 1223 1186 1278 herim,
1211 1226 1261 1272 <Sc
1281 1221 1470 1274 verbis,
1491 1220 1571 1268 sed
1593 1222 1643 1268 in
1667 1223 1845 1271 virtute
1867 1221 1970 1272 sola
1991 1240 2113 1274 eon-

360 1293 523 1345 fistere
545 1291 755 1340 solidam
775 1289 1096 1352 Sapientiam.
1198 1287 1399 1351 Legeris
1431 1284 1624 1347 saepius,
1646 1286 1929 1348 Origanum
1959 1288 2111 1338 Cico-

359 1361 481 1411 niae‚
504 1356 722 1405 Salviam
746 1351 930 1400 bufoni
951 1350 1271 1398 medicamen
1292 1347 1385 1397 esse
1410 1360 1585 1396 contra
1616 1349 1810 1396 morsus
1837 1364 2114 1402 venenatos

362 1420 621 1485 serpentis:
668 1413 1210 1465 Sideritidemherbam
1241 1413 1503 1475 Aquatieis
1539 1412 1755 1474 praebere
1783 1410 2113 1476 pharmacum

363 1478 830 1550 praestantissimum.
931 1478 1178 1530 Nostris,
1207 1475 1354 1538 quod
1384 1475 1507 1522 lauri
1528 1475 1712 1523 solium
1738 1477 1945 1525 Merulis
1965 1479 2113 1541 pellat

364 1546 685 1596 anorexiam‚
716 1543 838 1590 Picis
862 1537 1081 1588 restituat
1113 1541 1394 1588 sanitatem:
1433 1537 1576 1599 quod
1620 1536 1906 1588 chelidonia
1937 1541 2020 1589 det
2044 1544 2113 1591 vi-
2173 1547 2175 1602 ζ

365 1610 476 1659 sum
517 1604 786 1655 Hirundini
810 1637 822 1657 ‚
860 1603 1138 1651 distamnus
1186 1603 1388 1652 fatalem
1413 1601 1587 1651 Cervo
1615 1602 1836 1651 extrahat
1858 1602 2108 1667 sagittam:
2172 1634 2174 1643 ·

363 1669 509 1736 quod
526 1671 652 1718 Sinae
686 1668 989 1731 podagram,
1015 1666 1158 1730 quod
1183 1667 1434 1716 calculum
1455 1666 1688 1719 nesciant,
1713 1663 1858 1728 quod
1883 1668 1945 1716 ab
1965 1671 2112 1718 omni
2171 1664 2175 1720 ἶ

362 1748 612 1799 vaporum
637 1732 842 1794 fuligine
863 1731 1027 1784 liberi,
1051 1731 1226 1794 plantae
1254 1730 1336 1777 6βᾶ
1361 1730 1584 1778 referunt
1602 1730 1653 1776 in
1671 1731 1897 1792 acceptis.
1967 1733 2108 1781 Nam
2170 1725 2173 1755 ³

358 1798 505 1856 hujus
525 1808 676 1861 potus
697 1828 711 1849 ,
735 1794 968 1842 facultate
990 1792 1282 1843 diarrhetica
1305 1827 1319 1847 ‚
1349 1806 1541 1841 meatus
1573 1790 1876 1855 nephriticos
1901 1791 2111 1845 mirifice
2170 1805 2172 1808 ’

359 1863 517 1926 aperit
542 1893 555 1913 ‚
588 1859 776 1908 serenat
808 1857 1070 1906 cerebrum
1094 1891 1107 1911 ,
1139 1873 1191 1906 ut
1220 1858 1419 1907 Pallade
1450 1856 1723 1920 plantatam
1757 1854 1888 1904 hanc
1920 1856 2107 1907 diceres

359 1928 584 1989 plantam
607 1955 621 1976 ‚
654 1920 785 1971 adeo
802 1922 1050 1969 Litteratis
1073 1921 1136 1969 ad
1168 1920 1535 1971 continuandas
1568 1919 1752 1981 vigilias
1777 1935 1886 1967 non
1913 1921 2109 1971 videtur

358 1989 596 2041 nobilius,
615 1985 643 2034 a
664 1987 857 2035 Natura
879 1983 1168 2033 concess'um
1188 1984 1535 2050 pharmacum.
1574 1983 1780 2031 Omitto
1799 1983 1975 2037 alia‚ne
1993 2000 2108 2050 pro-
2166 1987 2175 2035 ζ,

358 2050 534 2100 lixiore
559 2049 771 2099 cumulo
799 2064 906 2096 non
930 2061 1034 2096 tam
1062 2064 1243 2096 ornem
1259 2081 1271 2101 ‚
1294 2046 1448 2109 quam
1474 2060 1687 2094 onerem
1709 2045 1991 2097 discursum.

487 2113 684 2162 LEUC:
755 2113 916 2161 Oneri
948 2110 1041 2160 esse
1071 2115 1246 2175 nequit
1277 2110 1508 2159 discursus
1530 2143 1542 2163 ,
1569 2108 1602 2157 si
1634 2109 1819 2158 semina
1852 2112 2103 2166 cumulet,
2164 2100 2167 2112 ¹

356 2184 475 2240 apta
497 2175 706 2223 serendo
727 2176 854 2223 inter
876 2175 1111 2224 Eruditos
1134 2174 1377 2224 discursui.
1451 2174 1579 2223 Sunt
1593 2173 1748 2220 multa
1760 2175 1941 2238 Magiae
1959 2176 2105 2224 Bora-

362 2241 486 2288 nicae
520 2239 643 2285 mira
665 2269 679 2289 7
708 2254 813 2300 qux
859 2253 1026 2286 errore
1063 2240 1198 2303 vulgi
1236 2238 1489 2302 abreptus,
1520 2233 1815 2285 aestimatam
1841 2235 2097 2287 Miracula.

363 2304 568 2365 Nempe
593 2315 676 2347 me
704 2302 841 2348 latuit
865 2301 1101 2350 haetenus
1118 2335 1131 2356 ,
1151 2299 1295 2364 quod
1319 2313 1397 2349 tot
1423 2303 1475 2348 in
1494 2303 1697 2351 Naturae
1726 2299 1951 2349 thesauris
1974 2301 2100 2347 vires

363 2364 635 2414 reconditae
665 2363 863 2411 lateant.
932 2367 1087 2411 MEL:
1158 2367 1230 2414 Ita
1253 2361 1349 2412 est:
1386 2364 1581 2413 dudum
1621 2362 1894 2428 proseripfit
1912 2363 2103 2426 Peripa-

362 2441 442 2477 tus
461 2428 811 2491 imperitorum
837 2425 939 2476 hoc
961 2427 1312 2492 enthymema:
1361 2428 1500 2477 causa
1528 2444 1625 2478 nos
1653 2428 1791 2476 latet:
1827 2422 1946 2488 ergo
1971 2437 2104 2488 patet
2157 2457 2162 2484 4

361 2491 497 2541 fraus
513 2491 700 2554 Stygia:
723 2505 841 2537 nam
855 2488 1119 2540 utAuthor
1138 2489 1412 2545 estPlinius‚
1432 2493 1569 2539 multa
1578 2493 1678 2549 funt
1688 2491 1872 2535 Natura:
1883 2489 2105 2535 Miracula

363 2556 627 2616 'incompertae
644 2556 821 2602 rationis
838 2588 852 2606 ,
880 2555 934 2602 αἵθ*
947 2559 991 2600 in
1001 2554 1191 2603 Naturae
1201 2555 1607 2618 Majestatepenitds
1617 2552 1777 2601 abdita.
1816 2552 1942 2625 Qi?
1963 2554 2101 2624 eslim

1914 2631 1940 2666 e
1959 2626 2038 2668 ss'l-

2155 2519 2160 2609 l

2155 2614 2158 2654 l
