2175 2911
0 2031 2 2037 ,
51 1974 217 2046 potest
244 1978 296 2025 ni

0 2082 1 2109 i

0 2125 2 2156 i

0 2161 2 2225 ἰ

698 126 815 176 Circe
846 127 1146 189 Philosbphica.
1657 146 1743 194 103

70 217 379 272 lamentabili
396 218 518 268 Fato
545 219 596 268 ὅ(
616 219 945 282 expugnetur?
980 216 1142 281 potest
1158 219 1378 272 secundo
1402 222 1664 271 memoriae
1683 226 1809 273 vires

69 285 150 335 vel
172 297 367 348 augere,
381 282 462 330 vel
483 281 782 329 diminuere:
818 296 938 329 nam
958 281 1099 330 subin
1119 282 1318 338 adjuvat
1336 285 1564 342 remediis
1582 284 1807 349 phyficis,

67 347 125 397 {it
136 347 450 409 Podalyrius3
487 344 564 393 vel
583 341 876 408 opportuna
892 340 1218 408 suggestione,
1240 344 1295 394 ut
1314 346 1690 400 Archimimuss
1725 348 1808 398 vel

67 409 306 461 artificio,
335 409 385 457 ὅ(
405 410 682 471 praeceptis,
703 406 759 454 ut
780 406 1231 456 Archididascalus:
1275 408 1416 458 subin
1444 409 1506 458 ab
1535 409 1639 474 ipso
1665 426 1807 476 orga-

66 490 139 523 no
159 472 350 536 repellit
365 472 514 518 noxia
528 502 546 523 ,
559 468 790 538 proficua
806 469 1017 535 applicat
1028 505 1046 522 ‚
1062 463 1234 531 sicque
1254 471 1466 521 roborat
1485 472 1809 529 cerebellum,

67 550 123 586 ut
144 538 301 600 quam
329 533 523 581 fortiter
544 533 677 581 ideas
707 535 915 588 retinet,
942 545 1049 583 tam
1073 531 1284 582 fideliter
1311 534 1469 584 rursus
1500 535 1700 586 reddat:
1736 535 1809 585 su-

56 600 149 648 'bin
178 596 437 653 contrariis
455 596 697 644 omnibus:
722 599 854 646 vires
869 597 1133 646 memoriae·
1150 599 1336 652 atterit,
1361 597 1710 662 Letheamque
1737 600 1810 647 in-

66 664 202 711 ducit
222 661 559 709 oblivioncm..
654 659 752 708 Sed
782 662 832 709 <Sc
864 662 1021 708 aciem
1056 657 1328 708 intellectus
1354 694 1366 713 ,
1401 665 1502 724 pari
1536 663 1657 710 Fato
1681 695 1693 716 ,
1725 662 1806 710 vel

64 741 241 775 acuere
270 718 456 787 potest,
486 723 567 769 vel'
594 722 825 769 hebetare
841 740 855 769 ε.
895 723 931 770 fi-
961 726 1097 771 enim
1138 738 1196 770 ex
1227 726 1400 785 organi·
1429 726 1551 773 vitio
1587 724 1807 772 nascatur

63 784 260 852 stupor,
285 783 545 848 purgando
573 784 758 847 spiritus
781 817 793 838 ,
824 785 1005 834 crassos
1040 786 1339 850 depellendo
1374 785 1644 840 humores,
1675 801 1806 834 ccre-

62 849 213 898 brum
239 845 547 913 perficiendo
562 878 579 898 ,
594 861 809 894 acumen
829 848 1099 897 intellectui
1119 848 1285 902 dabit,
1305 850 1356 898 ὅ(
1384 864 1441 895 ex
1459 861 1644 897 trunco
1671 850 1806 911 inge-

59 912 259 960 niosum
280 907 470 969 sculpet
490 908 806 956 Mercurium
823 927 839 957 r
880 910 1085 966 contra,
1104 911 1137 959 si
1159 912 1371 961 Coelum·
1391 913 1689 963 conniveat,
1719 911 1807 959 hu-

57 988 266 1022 morum
290 968 517 1023 craffitie,
535 970 790 1034 spirituum
810 974 1188 1029 imminutione,
1209 976 1433 1036 antiquas
1460 970 1604 1021 facile
1622 973 1808 1020 immit-

57 1048 128 1083 tet
147 1035 391 1083 tenebras,
417 1045 500 1081 aut
524 1034 698 1096 organi
722 1037 975 1084 attritione
995 1035 1243 1102 stupidum
1270 1035 1802 1089 formabitArcadem,

57 1101 139 1146 vel
172 1099 379 1159 Magicis
415 1094 716 1158 pharmacis,
740 1096 802 1143 de
834 1096 1077 1160 potestate
1109 1102 1289 1147 mentis
1314 1099 1590 1155 dejestum,
1610 1100 1661 1145 in
1691 1113 1803 1146 mo-

55 1160 302 1223 rotrophij
332 1154 570 1219 ergastula
598 1159 885 1221 compellet.
988 1162 1137 1211 Sunt,
1161 1165 1246 1223 qui
1269 1158 1577 1223 suggestione
1611 1161 1803 1208 celerri-

55 1221 160 1278 ma,
189 1223 364 1271 doceri·
381 1221 598 1269 scientias
627 1220 783 1268 velint
799 1221 861 1270 ab
884 1220 985 1271 hoc
1000 1225 1123 1272 Orci
1141 1219 1384 1287 Magistro
1399 1240 1415 1270 :1
1446 1222 1546 1271 five
1565 1222 1680 1271 dein
1704 1222 1806 1271 for-

56 1284 147 1336 ma
164 1285 345 1336 visibili
362 1285 406 1333 se
424 1279 555 1331 sistat
576 1280 876 1336 instruero&
906 1284 1004 1335 five
1033 1287 1279 1335 formatas>
1295 1287 1348 1333 in÷
1373 1288 1487 1335 aere
1519 1285 1652 1334 ideas
1681 1284 1806 1341 obji-

55 1352 152 1399 ciat
175 1350 360 1399 oculis3
387 1347 485 1397 five
506 1346 767 1393 locutione
790 1350 939 1395 etiam
968 1348 1162 1396 interna
1192 1349 1461 1396 intellectui
1489 1363 1599 1395 non
1619 1359 1725 1396 tam
1750 1347 1806 1395 il-

54 1413 247 1465 luceat,
269 1410 423 1474 quam
443 1407 632 1457 illudat.
734 1410 790 1457 In
814 1425 879 1457 co
902 1414 1143 1458 convenit
1172 1414 1299 1458 inter
1318 1410 1604 1463 Authores,
1623 1410 1806 1458 volun·

53 1487 211 1525 tatem
240 1474 268 1522 a
299 1473 547 1535 despotica
583 1472 763 1533 Magiae
794 1473 1055 1536 tyrannide
1083 1473 1275 1537 semper
1302 1474 1606 1521 immunem.
1711 1472 1803 1520 Per

53 1538 252 1597 obieeta
269 1537 397 1585 allici
417 1531 598 1599 potest,
609 1549 717 1582 non
741 1546 911 1583 tamen
929 1536 1053 1584 trahi
1067 1554 1082 1583 z
1111 1551 1199 1600 per
1222 1534 1436 1585 vifiones
1453 1529 1801 1599 phantasticas,

50 1599 318 1663 sensusque
338 1599 520 1648 interni
543 1599 924 1662 commotiones
945 1600 1172 1648 inclinari
1186 1595 1368 1663 potest,
1383 1613 1491 1647 non
1513 1597 1653 1660 cogi:
1690 1596 1799 1645 Do-

49 1668 194 1714 mina
221 1659 322 1715 est,
336 1675 436 1709 nec
451 1658 545 1707 nisi?
564 1660 741 1708 volens
754 1693 775 1714 ,
787 1658 1145 1726 constringitur>
1161 1662 1395 1716 vinculis,
1414 1660 1726 1722 trahiturque
1747 1660 1800 1707 in

49 1729 361 1777 servitutem.
456 1720 576 1771 Imo
595 1723 774 1772 cuneta
785 1757 804 1776 ,A
824 1739 938 1787 quae
953 1725 1216 1789 hucusque
1244 1725 1305 1773 d'e
1323 1720 1524 1789 Magica
1551 1719 1798 1788 potestate

48 1794 102 1840 in
125 1788 352 1838 medium
377 1786 542 1839 attuli,
566 1784 631 1833 fic
659 1787 952 1836 intellexeris
969 1822 982 1842 ,
1004 1788 1171 1853 spero,
1194 1788 1250 1837 ut
1276 1788 1355 1836 illa
1385 1790 1628 1851 proponit
1657 1784 1799 1834 intel·

50 1853 250 1917 ligenda
274 1848 530 1914 praefixum
556 1848 788 1897 discursui
807 1851 1131 1914 Symbolum.
1229 1852 1362 1904 Dixi,
1383 1854 1433 1900 &
1456 1862 1632 1914 repeto
1655 1849 1797 1897 illam

51 1913 287 1968 Melliflui
297 1926 538 2025 1gnomen
553 1929 571 1959 τ’
610 1912 785 1961 latrare
819 1912 983 1978 potest
1013 1913 1095 1964 hic
1119 1913 1390 1967 Cerberus,
1419 1913 1656 1962 mordere
1687 1926 1800 1961 non

317 1993 334 2025 1
355 1975 640 2024 volentem..
702 1974 1050 2027 Constrictum
1069 1989 1206 2026 tenet
1226 1974 1515 2025 Molossum
1532 1975 1676 2042 hunc*
1689 1976 1798 2040 Sty-

49 2045 193 2108 gium
215 2040 437 2089 Dextera
454 2039 862 2102 omnipotentis:
880 2057 1001 2089 nam
1017 2045 1131 2101 potis.
1145 2043 1218 2087 illa
1230 2040 1372 2098 ligare
1376 2051 1622 2101 potentem:
1656 2038 1795 2093 hinc,

51 2105 180 2169 qudm
203 2104 388 2150 multum·
405 2102 474 2147 ille
490 2102 648 2160 potest,
672 2115 767 2150 tam
784 2104 892 2150 nihil
911 2105 980 2150 ille
1000 2102 1158 2163 potestss.
1251 2103 1480 2153 Patimur-
1492 2105 1794 2153 tentationes

51 2170 76 2226 (
95 2183 192 2214 nam
222 2170 287 2213 ita
311 2165 520 2224 placitum
541 2163 595 2217 est
611 2182 755 2212 coram
784 2163 909 2226 ἱρῇ)
951 2165 1034 2214 sed
1062 2177 1218 2214 tantas
1231 2198 1251 2219 ,-
1269 2179 1483 2228 quantas·
1505 2164 1668 2231 potest
1697 2183 1792 2217 no-

50 2229 145 2281 stra
167 2230 294 2278 ferre
319 2226 552 2290 fragilitas
572 2259 591 2281 ,.
618 2243 728 2277 non
763 2241 972 2291 quantas
1004 2230 1135 2279 valet
1168 2229 1350 2278 inferre
1375 2230 1534 2294 Stygis
1556 2228 1788 2295 potestas.

2 2293 6 2321 ²
45 2294 278 2346 Veritatis
315 2289 458 2347 hujus
497 2301 662 2339 certos
693 2306 883 2346 omnes
905 2308 1007 2342 nos
1029 2293 1199 2343 voluit
1222 2293 1417 2342 Divina
1437 2294 1784 2346 Providentia,

51 2358 176 2409 dum
197 2370 307 2418 non
341 2350 507 2403 modo
540 2355 710 2418 probis
722 2389 743 2405 ‚.
766 2355 850 2404 sed-
877 2359 1032 2406 etiam
1057 2357 1308 2421 improbis,
1326 2355 1439 2406 hoe
1457 2356 1597 2407 mjfit·
1615 2358 1782 2408 Auro-

50 2418 471 2487 graphum,manu
488 2415 728 2482 Apostoli
749 2432 1026 2470 exaratum:
1053 2418 1201 2477 fidelis·
1215 2419 1278 2475 esl-
1294 2423 1489 2476 DEUJ„
1502 2425 1585 2487 quir*
1600 2438 1687 2467 non’
1699 2432 1780 2479 pa.

5 2506 7 2540 i
53 2488 187 2545 tietur
205 2499 281 2530 vos
293 2483 457 2529 tentari
477 2482 593 2527 ultra
611 2483 670 2534 id,
689 2485 796 2545 quod
818 2483 1013 2544 potestis:
1035 2483 1113 2546 [ἑά
1126 2481 1266 2546 faciet
1286 2487 1425 2536 etiam-
1439 2483 1645 2546 (modo
1662 2483 1778 2535 Veli-

6 2579 8 2601 ;
53 2546 203 2609 mus)
236 2562 332 2597 cum
353 2546 590 2595 tentatione
600 2556 874 2608 proventum.

1520 2609 1716 2665 LEUC:

1813 2402 2028 2456 1.Co‘r.10

1838 2489 1884 2519 v.
1905 2484 1980 2529 13.
