2175 2911
418 106 436 138 1
448 94 506 140 28
979 89 1215 137 Academia
1238 91 1488 138 Brutorum.

349 189 627 248 pagaretur.
695 177 850 224 MEL:
918 178 1120 228 Saulem
1144 177 1236 227 efl'e
1260 181 1386 227 inter
1399 176 1973 243 Prophetas,quondam
1989 179 2093 230 fue-

349 257 424 295 rat
443 242 780 309 paradoxum:
818 241 939 304 quid
960 242 1123 291 dicam
1138 276 1149 296 ‚
1174 241 1205 289 fi
1226 255 1280 290 tu
1309 240 1596 290 hirundines
1612 275 1625 295 ,
1647 255 1805 304 equos
1822 275 1835 296 ,
1859 244 1910 292 ὅ(
1934 241 2093 292 simias

349 307 651 373 prophetico
680 303 872 354 afflatos
892 306 1072 370 Spiritu
1099 304 1335 354 defendas
1361 306 1411 352 in
1434 316 1526 353 tuo
1547 306 1808 369 Peripato?
1854 321 2007 369 apage
2025 308 2097 354 in-

348 372 491 424 sulsa,
513 385 622 434 quae
644 370 761 431 quia
784 370 936 417 nimia
952 402 964 422 ,
985 371 1030 417 sc
1052 370 1096 417 se
1119 366 1249 418 ultro
1278 379 1525 416 evertunt.
1625 369 1675 417 Si
1709 371 1921 432 argutari
1946 368 2009 417 lic
2044 368 2095 417 li-

349 435 480 487 beat,
502 450 609 483 non
628 435 877 480 rationem
899 431 1082 485 modo,
1097 432 1174 481 sed
1196 428 1504 480 intelleE'mm
1526 430 1790 495 plusquam
1809 431 2095 480 humanum

349 498 601 549 concedas
621 497 778 545 Brutis
793 529 806 551 ,
827 495 1076 545 necessum
1097 492 1180 543 est.
1281 495 1529 558 Nunquid
1551 498 1687 543 enirn

672 562 774 606 Nos
802 570 903 620 aper
921 561 1071 606 auditu
1092 560 1314 620 praecellic,
1337 574 1494 604 aranea
1522 558 1664 610 taHu,

671 622 829 672 Vultur
853 625 1030 670 odoratu
1043 660 1054 674 ,
1079 624 1179 684 lynx
1195 622 1286 680 visu
1300 658 1312 673 ,
1327 622 1454 681 simia
1463 621 1584 682 gustu
1600 623 1623 668 ,ἶ

353 689 499 755 Qis,
522 687 689 751 quaeso
704 720 716 740 ,
740 687 1039 736 Mortalium
1061 685 1296 735 conficiet
1319 686 1437 738 mel,
1458 685 1512 734 ut
1530 686 1671 750 apes?
1707 685 1815 748 quis
1834 684 2009 734 herbas
2028 684 2097 732 di-

350 756 557 818 gnoscet
585 749 864 814 frangendo
889 749 1051 803 ferro,
1081 749 1319 814 pellendis
1346 752 1575 802 venenis,
1601 749 1883 813 reparandae
1913 751 2098 807 Juven-

350 830 411 865 tae
431 816 654 867 idoneas,
676 813 730 861 ut
746 815 880 877 picae,
906 810 1141 865 mustelae,
1163 813 1433 877 serpentes?
1470 815 1578 875 quis
1598 813 1785 860 futuras
1807 809 1959 876 pestes
1982 827 2098 876 prae-

349 881 523 942 sagiet,
547 878 686 926 velut
716 878 955 925 ciconioe?
998 876 1278 925 tenendum
1302 878 1448 939 igitur
1472 873 1663 940 primo:
1701 873 1847 937 quod
1876 875 1997 923 ficut
2026 876 2098 924 vis

350 939 548 1008 plastica
580 956 794 988 omnem
823 938 1113 987 industriam
1146 942 1337 1002 superat
1362 975 1373 989 ,
1411 954 1468 987 ac
1499 942 1750 987 rationem
1791 937 2098 990 humanam,

353 1022 463 1055 non
493 1001 635 1066 quod
661 1003 927 1063 intelligat,
957 1002 1037 1048 sed
1060 1001 1205 1060 quod
1237 1001 1552 1063 intelligentis
1573 1002 1690 1048 DEI
1718 999 1773 1046 sit
1802 997 2099 1048 instrumen-

353 1081 482 1120 tum,
503 1070 566 1113 ita
591 1080 697 1112 non
721 1062 940 1110 absimile
956 1062 1214 1123 quidpiam
1238 1061 1299 1107 de
1320 1064 1501 1109 virtute
1521 1063 1794 1109 Brutorum
1813 1058 2100 1110 aestimativa

357 1128 661 1180 censendum
686 1122 770 1172 est.
871 1124 999 1172 Non
1020 1120 1349 1176 inficiorzdo,
1374 1125 1475 1172 vim
1497 1123 1773 1172 senfitivam
1804 1125 2099 1173 animalibus
2174 1121 2175 1124 '

353 1193 446 1242 effe
469 1187 626 1252 magis
650 1187 901 1237 subtilem,
927 1199 1076 1248 atque
1099 1183 1217 1234 ideo
1242 1185 1305 1234 ad
1325 1186 1700 1235 elementorum
1717 1186 1928 1236 influxus
1944 1221 1956 1241 ,
1983 1204 2101 1252 prae-
2172 1202 2175 1240 ς

344 1255 555 1317 ‘viasque
576 1251 832 1314 qualitates
854 1249 1190 1314 percipiendas
1209 1283 1220 1303 ‚
1242 1247 1400 1314 magis
1420 1251 1680 1303 idoneam,
1703 1249 1821 1298 cum
1845 1250 1939 1299 sint
1961 1267 2102 1300 men·

352 1323 411 1370 tis
439 1328 660 1370 exortes,
682 1329 848 1376 neque
877 1313 1034 1362 sensus
1069 1312 1343 1363 intellectus
1365 1312 1640 1370 ministeriis
1669 1312 1735 1361 fic
1765 1327 2096 1378 occupentur.
2172 1321 2174 1379 i

352 1379 662 1433 Tenendum
703 1378 920 1439 denique
944 1410 957 1431 ,
990 1392 1098 1426 non
1135 1375 1249 1426 raro
1283 1378 1505 1426 occultas
1543 1376 1571 1425 a
1606 1377 1775 1426 Genio
1806 1378 1980 1441 Stygio
2009 1381 2101 1427 mi·

103 1441 296 1505 Augustae
354 1447 472 1496 sceri
494 1439 776 1506 praestigias:
799 1441 918 1494 vidi,
938 1440 1064 1489 dum
1085 1443 1364 1489 etiamnum
1386 1457 1508 1505 puer
1528 1441 1736 1490 Palladis
1766 1442 1995 1490 merebar
2025 1439 2100 1491 sti·
2170 1441 2173 1508 j

102 1510 230 1563 νικά.
356 1507 536 1575 pendia
553 1537 567 1558 ,
588 1520 779 1566 equum
803 1504 1051 1560 ejusmodi
1066 1537 1077 1558 ,
1100 1503 1237 1568 supra
1258 1504 1498 1567 Pegasum
1524 1505 1724 1553 occulta
1747 1518 1957 1581 quaeque
1980 1505 2100 1555 divi·
2169 1526 2171 1551 ;

354 1584 561 1622 nantem
576 1605 588 1620 ‚
612 1583 767 1631 quem
789 1581 960 1616 tamen
984 1569 1047 1616 ad
1069 1583 1223 1632 rogos
1254 1568 1554 1618 damnatum
1570 1601 1582 1623 ,
1602 1570 1881 1631 Stygioque
1903 1566 2129 1619 Alasto-2.
2167 1582 2171 1624 ζ

355 1640 394 1686 ri
412 1634 627 1699 jugalem
649 1631 845 1685 datum,
869 1630 1010 1682 brevi
1022 1635 1171 1681 Fama
1189 1633 1493 1695 vulgaverat.

104 1659 234 1767 Apu}
478 1697 675 1748 LEUC:
716 1725 718 1727 >
745 1696 873 1743 Non
895 1694 1025 1745 adeo
1048 1709 1142 1744 tuae
1163 1711 1248 1743 me
1269 1695 1529 1744 adversum
1540 1696 1803 1745 Sententiae
1827 1693 2013 1744 fateor:
2038 1713 2103 1747 ne
2128 1664 2131 1666 >
2167 1667 2170 1703 5

104 1770 302 1820 Toletum
353 1775 528 1812 tamen
552 1757 747 1825 penitus
777 1758 1101 1830 subscribam,
1127 1760 1251 1809 mira
1281 1761 1333 1808 in
1351 1759 1508 1808 Brutis
1539 1758 1702 1808 obstat
1733 1758 1993 1821 disciplinae
2023 1777 2102 1810 ca-

106 1832 312 1882 P.Claud.
349 1827 558 1894 pacitas,
582 1839 736 1887 quam
765 1821 866 1870 fine
895 1825 1098 1872 rationis
1125 1822 1436 1873 adminiculo
1462 1826 1540 1872 vix
1570 1822 1883 1895 persuaderes
1904 1855 1919 1877 ,
1953 1839 2100 1886 quam-
2164 1821 2167 1880 j

108 1899 241 1945 frere
350 1895 417 1938 vis
437 1888 516 1948 2*pr
539 1902 612 1935 tuo
635 1886 814 1933 Phoebus
833 1887 1077 1949 loqueretur
1094 1887 1147 1933 ab
1178 1904 1265 1935 ore.
1367 1887 1425 1934 In
1449 1884 1660 1943 historus
1696 1886 1797 1934 scio
1821 1899 1869 1934 tc
1897 1902 1990 1935 nec
2019 1904 2099 1952 pe·
2165 1902 2175 1928 Ἀ

191 1959 223 2007 b
354 1954 623 2017 regrinum,
646 1965 739 1998 nec
760 1949 1029 2014 hospitem,
1052 1950 1168 2000 hinc
1201 1950 1451 2000 seleffiora
1475 1950 1674 1998 tantum
1702 1952 1754 1998 in
1775 1952 2006 2000 medium
2033 1955 2101 2003 af·

107 2021 319 2074 inTheor.
355 2018 466 2066 fero
484 2048 497 2067 ,
523 2029 614 2065 tuo
640 2049 652 2069 ,
682 2013 716 2061 fi
739 2014 924 2065 lubeat,
955 2015 1153 2063 calculo
1177 2013 1480 2063 enucleatius
1509 2013 1841 2070 dijudicanda.
1897 2032 1924 2063 a
1961 2016 2102 2084 Qid
2161 2029 2165 2061 z

102 2084 257 2151 phyfic.
357 2082 537 2141 exiguo
558 2095 700 2128 mure
725 2078 880 2127 videri
901 2076 1059 2142 poffet
1080 2077 1144 2126 ad
1167 2077 1436 2140 disciplinas
1467 2079 1709 2142 ineptius?
1744 2080 1794 2127 ὃς
1816 2090 2015 2134 tamen,
2037 2081 2101 2130 ad

106 2143 307 2207 Metaph.
358 2142 463 2192 heri
485 2144 786 2205 Imperium,
816 2141 1079 2190 candelam
1109 2141 1382 2206 hospitibus
1406 2141 1635 2205 praeferre
1663 2140 1841 2191 doctus
1866 2140 1956 2196 est,
1980 2157 2099 2190 ocu·
2160 2160 2164 2189 ,ι

109 2219 151 2264 S.
187 2227 205 2258 1
220 2225 262 2258 ι.
357 2208 461 2255 lato
483 2201 602 2252 teste
621 2207 816 2268 Magno
837 2205 1079 2254 Alberto:
1118 2206 1150 2253 b
1185 2205 1455 2259 Sacerdos,
1473 2220 1629 2266 quem
1650 2207 1826 2256 mirata
1844 2204 1913 2254 est
1937 2219 2098 2266 quon·
2159 2255 2162 2269 ‚

109 2276 239 2326 concl.
266 2285 307 2330 3.
360 2269 477 2317 dam
501 2268 755 2321 Helvetia,
777 2269 906 2316 felici
935 2265 1456 2334 prorsus‘Magisterio,
1481 2268 1545 2317 iic
1569 2267 1776 2319 instituit
1807 2283 2024 2321 mutem,
2045 2273 2096 2320 ὅς

206 2354 233 2385 c
361 2333 515 2381 felem
532 2365 544 2385 ,
564 2346 710 2378 avem
730 2364 742 2383 ,
767 2335 817 2380 ὅ(
842 2347 1019 2380 canem
1036 2365 1048 2386 ,
1073 2348 1128 2383 ut
1164 2333 1404 2398 cymbalo
1433 2337 1735 2386 convocati,
1756 2328 1887 2380 illico
1918 2331 1980 2378 ad
2007 2348 2098 2380 ca:-

111 2401 326 2454 Plin.l.8.
362 2411 481 2444 nam
507 2395 553 2443 se
572 2389 816 2447 sisterent,
832 2394 1040 2456 raraque
1066 2394 1370 2447 concordia,
1395 2397 1597 2463 sumptis
1623 2413 1679 2445 ex
1700 2393 1876 2445 eadem
1902 2392 2102 2445 scutella

111 2464 329 2518 unz-<¹9⁸
363 2458 481 2508 cibis
501 2458 546 2507 se
567 2459 610 2506 se
631 2455 905 2506 reficerent·
956 2475 984 2506 c
1036 2462 1176 2527 Quid
1203 2461 1276 2508 ele
1313 2460 1474 2510 hantis
1504 2463 1644 2511 mole
1677 2453 1833 2518 magis
1871 2458 2100 2508 incondi-

117 2545 160 2593 3.
363 2524 502 2575 tum?
538 2524 589 2575 ὅ(
608 2520 935 2575 nihilominus
953 2524 1039 2576 visi
1059 2528 1170 2577 suut
1198 2539 1283 2575 am
1323 2525 1459 2576 ulare
1482 2528 1536 2575 in
1556 2521 1783 2575 funibus,
1804 2519 2008 2570 saltitare
2037 2521 2101 2572 ad
2154 2551 2157 2583 ÷

1883 2599 2061 2636 nun‘le-
