2175 2911
817 80 963 164 §anm
989 95 1178 162 Bifro'rik.
1698 110 1793 169 21‘97

127 188 184 247 fis
207 206 371 247 totam
393 195 634 247 emensus,
714 194 865 261 Finge
882 212 1001 246 cum
1025 198 1220 247 Isidoro
1243 199 1427 261 Mundi
1446 200 1740 268 aspectabilis
1759 203 1860 267 spa·

126 264 281 317 tium,
303 260 402 325 qua
423 259 519 310 late
538 260 602 309 ad
624 258 804 308 Coelos
833 260 985 322 usque
1016 262 1359 325 protenditur,
1381 265 1445 313 sic
1473 267 1681 315 arenulis
1701 266 1858 329 reple-

126 335 267 379 tum,
291 337 346 373 ut
366 324 543 372 decem
566 321 763 371 illarum
794 324 975 377 millia,
1005 339 1115 371 non
1142 323 1227 371 nifi
1255 340 1469 388 granum
1503 328 1673 393 sinapis
1712 330 1856 377 mini-

118 402 267 436 mum
297 398 518 449 aequent:
563 383 658 451 pro
686 384 841 448 quam
871 388 1167 434 innumerus
1192 389 1283 434 erit
1312 386 1394 436 hic
1415 395 1677 440 numerus!
1715 395 1765 442 ὃς
1787 403 1856 439 ta-

123 465 246 498 men
260 483 273 504 ,
293 462 505 512 quantus
525 460 738 512 quantus
759 445 856 502 est,
876 451 1154 497 aeternitatis
1183 465 1345 498 annos
1367 466 1475 499 non
1496 467 1724 503 numerat
1748 488 1762 509 ,
1790 468 1855 502 ne

123 511 289 561 dicam
304 545 318 565 ,
343 524 619 561 enumerat.
704 513 854 575 Finge
878 511 1014 560 hunc
1034 527 1325 564 numerum,
1347 528 1503 575 quem
1529 519 1856 581 quinquagin-

122 586 173 623 ta
193 575 382 624 duabus
397 576 525 624 cifris
543 577 594 623 in
615 590 770 624 unam
790 577 978 623 lineam
997 577 1134 638 cogit
1146 574 1510 625 Arithmeticus
1529 579 1667 629 Clavi
1672 581 1683 637 j
1697 582 1858 629 calcu-

121 638 198 686 lus
215 671 227 692 ,
248 637 408 702 finge,
425 640 659 699 inquam,
684 637 821 686 hunc
846 653 1120 686 numerum
1147 650 1227 686 tot
1257 639 1573 703 multiplicari
1606 644 1656 689 in
1686 643 1853 697 lineis,

120 713 251 762 quot
268 703 397 764 capit
418 701 601 750 folium
612 701 816 764 grande,
831 702 881 750 ὅ(
899 702 1176 764 integrum3
1199 713 1329 763 quot
1341 704 1470 766 capit
1484 702 1730 753 foliorum
1750 721 1854 754 ma-

119 767 283 812 ximus
294 764 432 818 liber,
453 765 532 813 vel
543 763 791 810 librorum
802 763 990 812 imensa
1001 765 1164 811 moles
1178 797 1190 817 ,
1203 779 1311 827 quae
1329 765 1552 824 Univerli
1571 766 1778 830 spatium
1790 767 1854 816 ad

120 827 275 889 usque
293 829 554 890 regionem
574 825 880 888 Empyream
902 826 1219 891 adimpleret:
1263 827 1400 876 hunc
1426 843 1696 877 numerum
1721 830 1855 895 finge

119 888 350 940 ulterius,
378 899 460 935 tot
493 888 656 936 iterari
684 889 735 935 in
761 887 926 942 lineis,
958 902 1088 951 quot
1116 892 1247 954 capit
1279 902 1414 944 tota,
1439 890 1538 954 qua
1566 888 1662 940 late
1691 906 1852 956 patet,

118 950 257 999 Coeli
277 948 506 1013 sphaerica
525 948 823 1014 superficies:
859 951 1068 1002 DEUM
1090 954 1462 1003 immortalem!
1500 968 1629 1016 quot
1650 955 1755 1002 haec
1776 955 1856 1004 fo-

115 1024 228 1061 rent
254 1012 540 1076 myriadum
561 1014 757 1068 saecula,
777 1026 907 1076 quot
933 1015 1229 1065 saeculorum
1258 1018 1535 1081 myriades?
1572 1021 1622 1068 ὅ(
1652 1030 1855 1073 tamen,

116 1075 283 1139 elapso
317 1087 398 1123 tot
426 1091 682 1123 annorum
709 1077 990 1131 curriculo,
1017 1079 1240 1127 necdum
1267 1093 1431 1128 curret
1465 1083 1743 1130 aeternitatis
1767 1082 1855 1129 ini-

115 1140 270 1191 tium,
291 1153 354 1186 ne
375 1137 541 1186 dicam
562 1138 787 1186 medium
807 1171 818 1191 ,
839 1153 903 1186 ne
923 1139 1088 1187 dicam
1111 1140 1243 1188 finis:
1281 1145 1332 1191 &
1352 1155 1524 1191 tamen
1543 1143 1577 1191 si
1598 1156 1677 1191 tot
1695 1159 1855 1193 anno-

116 1217 232 1249 rum
264 1201 452 1249 inversa
484 1201 700 1262 denique
730 1200 981 1264 clepsydra
1011 1214 1394 1251 tormentorum
1422 1203 1578 1253 finem
1609 1206 1855 1255 damnatis

115 1263 325 1312 tandem
353 1265 698 1327 promitteret,
721 1278 796 1311 nae
816 1264 885 1312 illi
903 1279 997 1327 pro
1020 1264 1180 1313 nihilo
1202 1278 1558 1330 computarent
1582 1280 1687 1315 tam
1714 1282 1857 1317 oran-

117 1327 237 1375 dem
262 1342 498 1390 poenam,
523 1328 644 1375 &in
666 1325 748 1373 sua
769 1326 864 1374 sese
890 1326 1181 1374 infelicitate
1218 1328 1394 1377 beatos
1416 1363 1430 1384 ,
1460 1345 1517 1378 ac
1545 1329 1675 1378 felici
1716 1346 1853 1381 imos

114 1390 456 1454 praedicarent.
556 1389 717 1442 sileo,
741 1403 806 1435 ne
837 1388 1004 1452 plura,
1027 1389 1148 1436 dum
1185 1390 1374 1452 loquor
1398 1424 1411 1445 ,
1442 1393 1624 1455 loquar
1656 1395 1849 1441 minus:

117 1455 169 1502 O
194 1455 458 1506 aeternitas,
478 1451 724 1515 quamdiu
749 1450 968 1498 durabis!
1016 1451 1142 1498 vo‘lo
1173 1453 1362 1506 dicere,
1386 1457 1436 1504 ὃς
1463 1453 1630 1502 nescio
1659 1455 1852 1503 dicere:

117 1517 364 1578 quamdiu
404 1516 580 1565 DEUS
611 1516 700 1562 crit
728 1514 901 1564 DEUS
922 1546 935 1567 ,
966 1513 1161 1562 tamdiu
1194 1517 1406 1578 patietur
1436 1516 1723 1564 damnatus:
1769 1517 1854 1565 sed

115 1579 362 1690 quffmdm
382 1581 473 1627 erit
498 1577 603 1627 hoc
630 1576 898 1639 quamdiu!
936 1579 1144 1640 cogitari
1164 1574 1353 1642 potest,
1375 1580 1604 1643 explicari
1630 1594 1740 1628 non
1760 1595 1853 1644 po·-

113 1643 184 1690 tel
211 1679 222 1688 .

242 1703 441 1755 LEUC:
508 1703 824 1767 Vertiginem
848 1702 1118 1753 intelleC'tui
1137 1700 1325 1760 timeo,
1345 1704 1596 1769 filongius
1624 1705 1854 1771 despiciat
1883 1735 1918 1780 5
1946 1735 2021 1782 Aa

114 1768 246 1817 hanc
266 1767 507 1831 abyssum.
577 1767 741 1831 Capio
762 1766 957 1820 melius,
981 1768 1124 1829 quod
1148 1766 1342 1832 optime
1361 1784 1671 1821 nonnemO3
1708 1768 1853 1818 Chri·
1914 1770 1925 1781 '
2016 1747 2064 1795 g*

117 1829 300 1879 stianos
324 1833 449 1878 inter
471 1845 600 1894 opus
624 1845 734 1878 non
760 1829 852 1878 ess'e
873 1829 961 1878 nifi
982 1831 1355 1895 Morottophio
1370 1865 1382 1885 ,
1409 1832 1489 1882 vel
1509 1833 1556 1880 S.
1573 1831 1851 1893 Inquisitio-

116 1896 193 1943 nis
215 1890 484 1957 ergastulo:
520 1896 573 1941 in
592 1890 722 1941 istud
747 1893 1153 1957 compingendos
1169 1927 1180 1947 ,
1201 1896 1286 1956 qui
1307 1910 1417 1942 non
1439 1894 1699 1942 crederent
1718 1907 1852 1945 aeter-

116 1959 357 2009 nitatem,
375 1958 427 2003 in
448 1956 597 2009 illud,
617 1958 703 2018 qui
731 1957 1015 2010 crederent,
1042 1959 1092 2007 &
1121 1969 1400 2021 peccarent.
1501 1957 1642 2021 Qid
1676 1959 1739 2006 ad
1764 1956 1851 2008 ista

116 2017 413 2082 Philosophi
437 2019 453 2066 ἒ
501 2018 621 2080 quid
649 2019 717 2067 illi
753 2020 816 2067 de
850 2020 1124 2068 durationis
1151 2019 1317 2068 modo
1347 2018 1451 2068 hoc
1474 2052 1487 2074 ,
1522 2021 1623 2069 sine
1652 2021 1849 2070 modo?

117 2085 276 2141 MEL:
345 2082 404 2129 In
430 2083 594 2130 varios
625 2081 813 2131 abeunt
839 2095 1012 2131 motus
1035 2115 1048 2136 ,
1080 2082 1321 2132 diversam
1351 2082 1569 2132 induunt
1594 2095 1848 2139 mentem,

117 2142 214 2195 hec
234 2144 396 2193 inutili
421 2142 615 2192 scholio
642 2145 705 2192 de
728 2147 996 2193 aeternitate
1022 2145 1311 2194 discurrunt.
1411 2146 1553 2195 Audi
1578 2163 1762 2201 unum,
1797 2151 1850 2198 ὃς

119 2210 355 2258 alterum.
450 2205 596 2255 Aluit
616 2206 927 2271 Discipulum
955 2207 1215 2262 Sorbona,
1237 2223 1392 2271 quem
1421 2211 1473 2257 in
1497 2209 1848 2275 Philosophica

119 2267 365 2342 palaestra,
388 2272 438 2319 ὃς
461 2268 765 2322 informare,
803 2273 852 2319 ὅ(
874 2270 1162 2319 deformare
1190 2268 1374 2320 studuit
1404 2271 1677 2322 Profeffor:
1714 2272 1845 2322 adeo

120 2343 244 2400 1aepe
266 2332 520 2382 Doctores
544 2344 761 2385 nocent,
785 2332 904 2380 cum
933 2332 1146 2388 docent,
1166 2345 1285 2383 tunc
1312 2331 1583 2400 praecipue,
1611 2335 1644 2384 fi
1676 2347 1845 2384 amant

124 2397 189 2447 fic
213 2396 523 2460 Stagiritam,
550 2407 605 2443 ut
623 2397 773 2443 etiam
801 2394 1058 2444 ethnicum
1076 2411 1185 2445 non
1213 2397 1509 2447 aversentur.
1609 2399 1846 2448 Xaverius

123 2458 309 2525 (caput
329 2459 391 2507 ad
409 2457 513 2507 hoc
535 2460 751 2507 Nomen
772 2459 977 2507 inclinet
992 2458 1276 2525 Peripatus)
1297 2462 1538 2512 Xaverius
1555 2463 1637 2512 ille
1658 2462 1749 2508 fuit
1759 2460 1849 2507 Di·-

126 2522 333 2590 scipulus
344 2555 360 2580 ‚
393 2519 733 2575 Profeffotem
751 2537 860 2573 non
879 2523 1100 2638 ηὲιῐιίηο
1114 2556 1127 2581 ,
1146 2527 1199 2576 in
1216 2525 1334 2576 albo
1358 2527 1633 2577 aeternitatis
1649 2522 1847 2585 nigerri-

972 2599 1000 2635 e
1032 2599 1062 2634 2
1686 2597 1779 2634 mo
