2175 2911
399 108 490 164 146
970 104 1149 165 Vir-gula
1183 102 1403 163 Morphei.

454 197 654 251 LEUC:
723 198 1090 248 Oniroeritieos
1111 195 1293 252 hosce,
1317 195 1351 245 fi
1371 193 1662 263 Philosophi
1682 199 1734 247 in
1757 195 1848 247 suis
1872 190 2074 254 somniis
2144 190 2147 243 ἓ

328 261 649 312 consulerent
678 261 871 326 saepius,
896 262 1178 310 dormirent
1202 295 1214 316 ,
1244 261 1426 313 credo,
1456 259 1694 313 securius,
1723 256 1856 309 certe
1886 260 2077 309 felicius
2145 254 2148 317 ἒ

330 326 636 389 evigilarent.
755 324 853 373 Sed
893 325 1093 389 ignosce
1124 357 1137 379 ,
1179 340 1339 372 unum
1382 320 1475 376 est,
1515 325 1658 386 quod
1702 326 1753 372 in
1796 336 1844 371 te
1885 325 2074 379 miron
2146 341 2147 344 ¹

330 389 476 451 quod
507 401 678 453 praeter
714 402 915 436 morem
939 421 951 440 ,
981 401 1034 435 tu
1077 388 1273 435 nullum
1311 385 1537 434 discursui
1570 388 1854 446 'Patronum
1893 382 2077 438 bodies

331 451 477 514 quod
497 451 692 500 nullum
712 453 764 499 in
783 464 867 499 tua
888 451 1091 500 Poecile
1113 450 1409 499 sanffiorem
1430 461 1484 497 tu
1502 448 1626 498 mihi
1645 449 1977 513 Morpheum,
1992 464 2078 506 eus
2147 458 2149 501 ξ

329 516 405 573 jus
430 515 664 578 exemplo
690 513 753 562 sic
788 515 1102 562 dormiamus
1132 516 1182 561 in
1209 509 1493 578 posterum,
1516 524 1571 560 ut
1597 512 1660 560 ad
1684 512 1980 562 sanetiorem
2012 513 2084 561 vi·¹
2148 510 2150 570 ἦ

330 591 438 626 tam
460 578 766 641 evigilemus,
834 579 991 624 MEL:
1059 572 1215 626 Rest‘e
1241 590 1450 626 mones,
1480 573 1543 623 fic
1564 576 1616 622 in
1636 577 1744 624 avia
1763 591 1847 624 me
1876 575 2081 624 deduxit

333 639 585 695 discursus,
612 642 733 689 utin
751 641 957 705 epilogo
981 639 1306 702 quaerendum
1326 638 1448 687 mihi
1476 637 1757 686 exordium.
1827 640 1924 687 En!
1961 638 2080 686 Bea-

333 717 444 752 tum
467 700 1090 768 Sylvestrum,fabulosum
1116 698 1325 751 minime
1346 701 1779 765 Morpheum,qui
1799 701 1888 750 suo
1915 716 2081 750 exem·
2150 723 2152 764 ᾗ

332 768 422 831 plo
445 767 617 821 faciet,
642 779 694 814 ut
715 765 749 814 si
777 766 943 815 minus
976 767 1316 818 dormiamus,
1341 766 1511 813 saltem
1543 765 1725 812 oeulos
1760 764 2081 827 claudamus,
2150 770 2153 802 ὲ

332 846 398 878 ne
422 831 634 894 amplius
656 829 857 879 videant
882 832 1169 878 vanitatem.
1270 828 1479 877 Auximi
1513 840 1679 880 natus,
1705 830 1756 875 in
1782 829 1970 876 Piceno
1996 828 2085 884 Ju«
2152 840 2153 845 ’

333 905 597 942 ventutem
630 894 763 957 trivit
782 926 795 946 ,
820 894 898 942 vel
929 894 1113 942 attrivit
1143 891 1336 956 potius:
1382 906 1502 939 nam
1540 889 1917 953 Philosophiam
1950 889 2084 938 som·
2150 894 2153 941 ’ἓ

331 956 525 1004 niando
555 967 808 1019 exegerat,
840 954 1121 1004 Profefl'ore
1148 954 1418 1007 Phantaso,
1441 955 1526 1014 qui
1559 968 1645 1016 per
1674 953 1867 1000 formas
1896 955 2083 1006 varias,
2151 963 2154 1012 ζ

333 1019 708 1067 deformaverat
728 1018 910 1082 potius,
928 1017 1081 1079 quam
1107 1018 1415 1064 formaverat
1440 1015 1575 1061 hunc
1602 1015 1816 1061 mollem
1831 1014 2084 1078 Sophum.
2152 1060 2155 1074 ,Ι

332 1082 467 1130 Illius
496 1078 710 1128 studium
726 1113 737 1131 ,
759 1082 960 1142 vigilare
987 1079 1185 1130 noCtes,
1207 1078 1429 1125 dormire
1453 1076 1580 1128 dies,
1602 1078 1770 1125 vivere
1791 1077 2014 1132 Mundo,
2031 1080 2085 1129 <sc
2115 1124 2120 1126 ⁷

332 1145 468 1190 mori
491 1143 670 1213 Coelo,
691 1143 994 1202 elegantium
1021 1140 1306 1187 formarum
1327 1138 1420 1187 effe
1440 1141 1745 1192 amorem,&
1768 1152 2083 1189 amatorem:
2152 1137 2163 1181 ‘'-

332 1204 414 1252 sed
437 1203 721 1266 lethargum
747 1203 815 1251 illi
843 1200 1145 1251 excusserant
1172 1202 1468 1267 vespillones
1493 1218 1506 1253 3
1559 1218 1679 1250 nam
1707 1199 1842 1250 forte
1877 1201 2086 1254 fortun&

332 1266 698 1330 sarcophagum
738 1266 1002 1319 eruebant,
1035 1280 1141 1328 quo
1170 1281 1279 1313 non
1305 1267 1371 1314 ita
1398 1265 1591 1330 pridem
1627 1266 1950 1315 reconditum
1976 1283 2091 1317 cor·
2153 1276 2167 1319 3}-

332 1345 423 1394 pus
453 1329 801 1382 adolescentis,
829 1329 953 1377 dum
981 1331 1198 1381 viveret,
1220 1328 1482 1376 nobilitate
1506 1331 1554 1378 <St
1580 1329 1757 1385 divitiis
1779 1331 1966 1393 inclyti,
1988 1346 2086 1380 nee
2153 1332 2165 1382 μ’

332 1409 440 1440 non
465 1390 707 1448 elegantia
727 1392 931 1444 format,
954 1391 1016 1439 ad
1037 1392 1338 1440 miraculum
1362 1392 1555 1441 exculti.
1629 1391 1821 1443 Aderat
1842 1393 2086 1458 spectacu-
2154 1399 2157 1406 ”

331 1457 368 1504 li
397 1443 577 1504 arbite⁹r
613 1451 858 1518 Sylvester
883 1488 894 1507 ,
928 1452 1151 1517 cumque
1195 1455 1426 1503 occidisse
1462 1456 1737 1505 oculorum
1764 1468 1870 1505 tam
1897 1458 2087 1507 lucidas
2154 1469 2164 1518 'j

333 1515 521 1573 stellas,
551 1517 799 1566 defluxifl'e
831 1520 1037 1581 turpiter
1066 1534 1245 1566 aureos
1269 1519 1380 1567 illos
1407 1520 1640 1583 capillos,
1662 1519 1914 1568 turbatam
1941 1533 2090 1586 puto-

335 1596 388 1630 re
418 1582 554 1630 illam
574 1581 752 1629 frontis
775 1581 1111 1635 serenitatem,
1139 1580 1386 1646 exspirasse
1405 1583 1543 1631 illam
1567 1585 1667 1632 oris
1689 1584 2012 1638 ambrosiam,
2035 1584 2090 1633 il-

338 1646 447 1694 lum
482 1656 728 1709 genarum
761 1643 1097 1694 dulcissimum
1125 1646 1302 1698 risum,
1334 1645 1478 1693 illum
1511 1646 1729 1707 denique
1753 1671 1766 1697 ,
1796 1661 1950 1708 quem
1980 1660 2091 1696 tota
2155 1639 2175 1692 3}

336 1708 456 1757 urbs
476 1709 705 1761 ardebat,
729 1709 899 1771 ignem
926 1723 1141 1756 omnem
1170 1709 1221 1755 in
1252 1709 1493 1771 pauculos
1521 1708 1774 1757 subsedisse
1805 1711 1991 1758 cineres
2020 1712 2093 1759 vi-

338 1772 504 1820 deret:
556 1772 637 1817 heu
657 1772 764 1817 mihi
778 1774 798 1815 !
843 1772 1163 1822 exclamavit,
1185 1771 1259 1828 mfi
1282 1787 1374 1816 cum
1395 1784 1534 1817 mente
1544 1771 1671 1827 simei,
1697 1772 1835 1817 oculos
1863 1776 1996 1818 etiam
2016 1772 2092 1820 ab·

328 1834 456 1890 stulit
478 1835 614 1882 Venus
629 1866 642 1887 ,
656 1836 699 1880 in
719 1835 796 1880 hoc
806 1835 966 1896 speculo
988 1850 1127 1880 meum
1148 1835 1272 1879 video
1293 1835 1480 1881 vultum.
1551 1834 1682 1886 Video
1698 1835 1952 1894 planiffimes
1973 1836 2087 1893 ficm,
2130 1850 2132 1852 ·

342 1900 451 1961 quod
472 1899 539 1944 hic
553 1895 647 1956 sitit
661 1930 673 1951 ‚
695 1899 750 1945 εἴν
768 1897 875 1944 verb
898 1914 968 1944 ero
988 1914 1069 1943 non
1095 1897 1231 1943 mult&
1246 1896 1334 1957 ρὸῇι
1348 1932 1359 1948 ,
1376 1899 1484 1960 quod
1501 1897 1569 1943 hic
1590 1896 1670 1950 est:
1708 1897 1859 1946 verba
1881 1897 1986 1947 haec
2008 1915 2092 1963 gc·
2156 1897 2175 1955 ¹}-

341 1962 492 2009 mitus
516 1963 904 2025 interruperant,
924 1961 1155 2025 lacrymis
1186 1961 1418 2025 deinceps
1446 1960 1796 2023 loquentibus:
1846 1959 1988 2016 abiit,
2009 1962 2092 2012 sed

341 2024 555 2078 melior,
578 2023 732 2086 quam
757 2022 974 2073 aceeffit:
1012 2022 1211 2072 excuffit
1242 2023 1510 2077 somnum,
1531 2027 1582 2074 δε
1610 2039 1668 2073 ex
1695 2024 1893 2087 suspirijs
1921 2025 2091 2081 sensit,
2158 2029 2160 2079 ξ

342 2086 548 2134 tandem
570 2087 842 2149 aliquando
866 2087 912 2136 se
939 2085 1160 2150 vigilare:
1198 2089 1388 2151 aperuit
1406 2088 1610 2140 oculos,
1632 2083 1857 2150 viditque
1879 2087 2090 2142 formas,
2158 2094 2162 2140 ἐ

344 2164 468 2213 quas
488 2148 725 2198 haCtenus
753 2151 961 2198 credidit
987 2147 1318 2199 iubstantiales
1335 2183 1347 2204 ,
1369 2151 1519 2199 fluxas
1552 2153 1768 2198 nimium
1799 2150 1916 2201 effe,
1942 2154 1991 2201 ὅ(
2013 2168 2090 2201 ac·
2158 2155 2161 2176 ³

347 2211 630 2261 cidentales.
677 2203 932 2275 'Agnovit
953 2230 1011 2261 ex
1029 2213 1132 2262 hoc
1156 2216 1360 2262 Naturae
1382 2214 1524 2269 ludo,
1544 2213 1570 2263 a
1593 2213 1836 2262 Phantaso
1859 2213 2091 2264 constan-

345 2286 422 2323 ter
443 2274 527 2323 fibi
558 2274 776 2326 illusum,
802 2274 1065 2325 somniasse
1100 2276 1144 2324 se
1173 2277 1393 2331 somnia,
1411 2293 1506 2326 nec
1533 2277 1620 2326 nis1
1648 2277 1876 2325 inanibus
1899 2277 2090 2326 umbris

347 2337 584 2389 haCtenus
614 2334 833 2391 inhiasse,
930 2341 1088 2394 Hinc,
1113 2337 1279 2389 relidi&
1309 2338 1468 2390 Patria
1490 2374 1503 2393 ,
1533 2337 1733 2390 deflevit
1761 2340 1916 2388 solus,
1942 2340 2087 2399 quod

348 2415 471 2450 eum
491 2402 658 2450 multis
679 2413 984 2464 peccaverat.
1084 2402 1181 2451 Sed
1201 2403 1529 2454 nihilominus
1560 2403 1644 2452 diu
1673 2399 1759 2449 soli
1782 2400 1875 2448 esse
1904 2416 2011 2449 non
2030 2403 2085 2451 li·
2121 2455 2124 2458 Α

350 2466 474 2514 cuit:
519 2463 740 2514 accivere
762 2466 998 2527 gemitus,
1022 2463 1200 2513 ssmiles
1228 2467 1415 2521 socios,
1445 2463 1634 2530 quique
1661 2465 1996 2511 somniantem
2020 2465 2087 2512 se-

347 2530 454 2581 cuti
472 2527 598 2586 sunt,
609 2528 758 2581 secuti
776 2541 983 2592 quoque
1003 2527 1112 2579 sunt
1134 2531 1450 2595 vigilantem:
1470 2544 1598 2593 quos
1619 2526 1716 2592 ipse
1737 2526 1951 2577 meliore
1974 2526 2084 2578 Phi·

1887 2589 2019 2640 loso-
