2175 2911
810 135 955 183 Momi
980 131 1189 188 fenestra.
1709 145 1799 201 189

126 228 209 279 hic
225 230 440 283 Timon,
455 226 542 277 nisi
559 222 818 281 muficam,
839 223 1057 289 eamque
1082 224 1192 288 quo
1209 227 1368 293 magis
1390 228 1627 283 moestam
1641 265 1659 289 ,
1678 231 1744 283 eo
1765 248 1863 298 pro

125 295 277 358 genio
301 290 459 356 magis
488 304 766 338 amoenam.
846 287 1009 359 Qod
1027 288 1063 338 fi
1083 288 1273 339 laetiore
1290 292 1482 355 plectro
1507 294 1790 346 effundatur
1809 297 1862 346 in

127 357 331 420 gaudia,
351 351 480 403 adeo
499 355 741 401 rimarum
774 353 980 416 plenum
1010 353 1055 401 se
1073 353 1285 416 probat,
1302 366 1357 403 ut
1376 357 1494 412 risu,
1518 356 1694 423 jocisq3
1725 360 1859 424 peni-

125 418 204 467 tus
223 417 436 468 diffluat:
468 415 549 463 sed
570 413 681 479 post
705 416 901 464 scenam
923 415 1051 464 hanc
1074 417 1336 470 ludicram,
1352 418 1436 467 ubi
1460 421 1591 470 solus
1609 422 1694 471 fibi
1714 424 1860 472 relin.

125 484 318 543 quitur,
341 482 392 527 in
425 478 722 543 profundius
750 479 1013 528 taediorum
1051 478 1204 527 chaos
1226 481 1462 530 relabitur
1481 516 1495 536 ,
1525 484 1661 533 suam
1698 484 1859 535 effusis

120 543 298 608 largius
325 542 553 618 lacrymis
582 539 820 613 tristitiam
843 544 1091 605 recoquit,
1110 542 1300 592 muscas
1321 560 1439 592 cum
1457 547 1760 597 Domitiano
1782 565 1861 597 ex-

123 610 339 658 animat,
360 619 584 667 manesq3
606 610 717 654 luos
744 608 1008 658 examinat,
1035 620 1200 653 rerum
1230 608 1458 656 inanium
1482 611 1637 657 inanis
1665 612 1858 659 Scruta-

117 682 215 718 tor.
307 669 440 717 Hinc
465 668 749 716 obnoxium
779 669 870 716 sese
893 668 1080 721 reddit,
1101 669 1236 716 mille
1263 669 1644 734 suspicionibus,
1664 673 1857 738 scrupu-

114 733 172 781 lis
197 765 210 786 ,
243 731 714 794 apprchenfionibus
743 733 878 779 vanis
907 764 919 785 ,
958 729 1358 794 daemonumque
1384 734 1602 790 ludibriis
1633 739 1782 790 veris,
1806 739 1858 786 δε

115 791 170 843 ni
193 806 351 842 metas
370 806 544 859 ponat,
567 793 834 841 exundanti
854 807 1105 858 praerupto
1137 810 1313 858 aggere
1334 796 1856 850 humori,cavendu1n

115 857 179 906 de
199 857 484 920 laqueo,vel
505 855 828 919 aperiendum
850 853 983 905 certe
1011 858 1252 922 lapientiae
1275 871 1505 909 extremae
1524 861 1856 924 gymnasium,

113 920 257 983 quod
287 918 526 971 afferunt,
549 918 987 983 morotrophium.

242 981 440 1032 LEUC:
510 981 759 1030 Geminos
777 981 872 1031 hos
893 998 991 1047 ego
1012 983 1183 1033 fratres
1208 1001 1315 1034 non
1337 986 1562 1037 dixerim,
1584 985 1671 1034 nifi
1693 985 1857 1034 forsan
1886 989 2060 1055 Tempe-

115 1040 382 1094 Castorem
403 1047 453 1093 &
475 1045 738 1092 Pollucem
753 1078 765 1098 ,
788 1060 1012 1107 quorum
1036 1049 1230 1096 oriente
1250 1066 1356 1098 uno
1371 1083 1384 1105 ,
1405 1050 1592 1098 occidit
1609 1050 1755 1099 alters
1779 1048 1856 1098 vel
1889 1073 2054 1103 ramen-

111 1107 283 1156 saltem
303 1108 535 1170 geminos
560 1107 716 1154 Polos
731 1140 745 1160 ,
765 1122 987 1168 quorum
1011 1109 1146 1158 hunc
1173 1112 1410 1160 arfficum
1427 1145 1440 1166 ,
1467 1114 1611 1160 illum
1634 1112 1857 1160 antarCti-
1892 1131 1983 1165 tum
2003 1120 2096 1165 cho-

112 1186 234 1219 cum
255 1169 518 1234 appellant.
595 1171 751 1214 MEL:
836 1172 909 1218 Ita
930 1168 1024 1218 est:
1062 1172 1142 1219 sed
1173 1176 1259 1221 en!
1281 1175 1433 1228 aliud,
1454 1190 1563 1222 non
1595 1175 1761 1222 minsis
1786 1174 1856 1222 di-
1886 1181 2078 1229 [ericum.

110 1234 232 1297 spar,
250 1248 335 1297 par
355 1230 527 1280 nobile
542 1230 770 1279 fratrum.
838 1234 960 1280 Fixis
976 1233 1113 1281 hunc
1132 1236 1291 1283 oculis
1310 1238 1521 1290 intuere,
1539 1237 1728 1285 videbis
1751 1253 1857 1285 ma-

109 1296 352 1344 cilentum
368 1328 383 1349 ,
403 1306 457 1342 ut
478 1296 634 1357 igneo
659 1295 826 1341 calore
850 1294 1087 1344 ficcatum
1110 1297 1367 1346 scheleton
1390 1299 1640 1352 crederes,
1657 1298 1744 1346 nisi
1766 1300 1853 1363 spi-

109 1359 282 1408 ritibus
305 1358 562 1410 vividum,
585 1352 811 1419 agile‘que
841 1372 1024 1420 corpus
1049 1361 1223 1408 vivum
1248 1362 1562 1409 Mercurium
1589 1361 1849 1426 probaret:

106 1423 243 1470 crine
267 1423 422 1483 niger,
447 1422 495 1469 ὃς
518 1420 724 1482 crispus,
755 1418 1005 1482 subniger,
1038 1420 1279 1483 rususque
1312 1423 1506 1477 fronte,
1527 1437 1582 1471 ut
1604 1425 1665 1472 de
1689 1425 1777 1472 illo
1797 1424 1851 1472 li-

108 1484 159 1534 bi
182 1484 365 1534 merito
389 1494 560 1532 caveat
581 1484 873 1531 Romanus:
908 1482 1052 1530 vultu
1075 1482 1216 1548 spirat
1248 1485 1534 1539 Catonem,
1552 1488 1850 1535 Romanam

106 1549 299 1596 curiam
321 1549 372 1595 in
395 1545 997 1610 supercilio,Capitolium
1018 1547 1069 1593 in
1091 1548 1221 1610 rugis
1250 1548 1564 1596 circumfert:
1599 1548 1753 1596 sidera
1779 1565 1849 1597 ra-

107 1609 180 1658 dit
203 1610 373 1658 eresto
398 1610 611 1660 vertice,
632 1623 727 1655 nec
752 1607 839 1655 nifi
860 1609 1088 1656 extremis
1118 1609 1327 1673 pedibus
1356 1622 1539 1658 terram
1561 1613 1742 1675 tangit:
1780 1614 1852 1659 in-

146 1674 286 1720 uietae
312 1666 771 1733 manus,pede‘sque
785 1688 798 1722 3
822 1673 1100 1720 concitatus
1123 1669 1191 1720 est
1209 1671 1465 1737 gradusmi
1484 1676 1723 1738 gravitate
1746 1674 1849 1723 for-

104 1687 227 1785 Htan
258 1731 485 1782 affectata
506 1733 751 1786 humum,
774 1733 944 1797 positis
970 1735 1122 1783 veluti
1141 1739 1425 1791 columnis,
1442 1737 1705 1802 percellat:
1739 1749 1849 1785 tota

105 1800 310 1862 corpori
343 1797 590 1846 habitudo
619 1792 688 1843 est
710 1798 927 1860 gracilis,
951 1795 1156 1847 robusta
1183 1812 1387 1854 tamen,
1408 1801 1631 1862 loquitur
1658 1796 1791 1854 cito,
1811 1800 1849 1849 fi

105 1873 279 1908 tamen
311 1860 536 1922 loquitur
555 1893 568 1913 ,
599 1862 647 1909 ὅ(
681 1875 790 1908 non
820 1858 986 1922 potius
1016 1862 1200 1910 clamat
1222 1896 1235 1917 ,
1265 1864 1436 1912 calore
1466 1864 1688 1927 linguam
1717 1876 1848 1911 exte-

103 1935 316 1973 nuante:
353 1922 469 1970 hinc
497 1922 673 1971 balbus
700 1922 1018 1985 frequenter,
1039 1926 1178 1976 malo,
1202 1924 1258 1974 ut
1292 1928 1359 1974 ait
1379 1925 1847 1983 Baconusdsirv'sfiz-
1877 1924 2044 1968 Barone

97 1984 317 2048 pientibuc»
346 1986 623 2045 &praeclaras
637 1985 879 2048 frequente.
967 1988 1032 2034 Et
1048 1988 1184 2043 cujus
1212 2000 1268 2037 tu
1295 1992 1682 2052 temperamenti
1706 1989 1843 2040 hunc
1873 1986 1921 2033 V
1912 1988 2051 2032 erula-

103 2049 376 2099 hominem
397 2048 612 2104 judicas?
631 2048 861 2110 nunquid
879 2046 1032 2099 flama
1050 2050 1343 2099 Promethei
1364 2053 1661 2105 animatum,
1677 2053 1842 2118 ignea‘-
1874 2052 1958 2095 mio
1967 2050 2089 2109 syt'v‘z

104 2128 203 2175 que
231 2122 539 2175 prognatum
567 2109 802 2165 cholera,
820 2115 871 2160 <Sc
895 2114 976 2161 vel
999 2128 1059 2160 ex
1082 2113 1181 2177 ipsa
1203 2130 1319 2162 aura
1347 2113 1558 2164 aetherea
1586 2115 1839 2180 delapsum
1864 2112 2025 2173 sylvar.

103 2174 304 2224 asseres?
340 2174 459 2222 hinc>
475 2172 822 2237 horoscopum
843 2173 877 2221 fi
896 2174 1016 2224 huic
1035 2175 1106 2224 fas
1126 2175 1182 2224 fit
1206 2173 1444 2231 statuere,
1461 2177 1595 2227 dices
1615 2181 1838 2243 quietem
1872 2187 1978 2221 cent.
1999 2188 2047 2229 4·

101 2239 228 2287 illius
252 2237 317 2284 fat
339 2238 614 2306 inquietam
625 2269 642 2288 ‚.
669 2238 785 2299 quia
814 2237 1102 2292 modicam,
1125 2235 1346 2305 saepeque
1372 2242 1508 2289 vanis
1531 2258 1618 2307 per
1642 2242 1838 2294 somnia
1867 2256 1907 2286 n·
1933 2239 2036 2293 38⁶·

101 2303 229 2354 rixis,
243 2301 500 2356 incendijs,
511 2298 723 2347 caedibus
744 2299 1019 2349 turbatam:
1053 2301 1330 2351 inhiantem
1351 2303 1501 2353 acidis
1528 2305 1722 2363 afferes,
1743 2323 1837 2357 nee

100 2363 317 2413 modico
351 2362 568 2411 saturum
598 2362 872 2416 alimento,
897 2364 977 2412 vix
1006 2376 1177 2415 tamen
1219 2364 1403 2416 offibus
1440 2366 1715 2425 haesurum,
1750 2370 1835 2420 etfi

103 2429 376 2476 continuus·
392 2426 752 2475 conviviorum
770 2425 936 2474 eidem
953 2426 1127 2477 flueret
1139 2431 1395 2497 Eurippus.
1496 2433 1731 2482 Indolem
1754 2433 1836 2481 de-

103 2490 306 2539 clarabis
325 2522 338 2543 ,
361 2489 588 2539 moribus
608 2488 851 2553 asperam,
875 2489 1027 2539 dente·
1043 2492 1313 2558 Cynicam,
1335 2496 1728 2545 contradictorio
1749 2495 1835 2559 spi.

104 2554 201 2609 xitu
217 2553 526 2613 aculeatam,
546 2549 754 2607 audacia
781 2553 1085 2670 animgsam:
1121 2555 1238 2611 hinc
1251 2557 1421 2624 saepius
1442 2560 1664 2616 vitatam,
1678 2556 1833 2619 quam

988 2631 1016 2670 a
1049 2629 1075 2678 3
1641 2635 1773 2671 ama-
