<?xml version="1.0" encoding="UTF-8"?>
<!DOCTYPE html PUBLIC "-//W3C//DTD XHTML 1.0 Transitional//EN"
    "http://www.w3.org/TR/xhtml1/DTD/xhtml1-transitional.dtd">
<html xmlns="http://www.w3.org/1999/xhtml" xml:lang="en" lang="en">
 <head>
  <title>
</title>
<meta http-equiv="Content-Type" content="text/html;charset=utf-8" />
  <meta name='ocr-system' content='tesseract 3.04.00' />
  <meta name='ocr-capabilities' content='ocr_page ocr_carea ocr_par ocr_line ocrx_word'/>
</head>
<body>
  <div class='ocr_page' id='page_1' title='image "./nostritemporisph00schw/nostritemporisph00schw_0474.png"; bbox 0 0 2175 2911; ppageno 0'>
   <div class='ocr_carea' id='block_1_1' title="bbox 415 98 1447 169">
    <p class='ocr_par' dir='ltr' id='par_1_1' title="bbox 415 98 1447 169">
     <span class='ocr_line' id='line_1_1' title="bbox 415 98 1447 169; baseline -0.009 -7"><span class='ocrx_word' id='word_1_1' title='bbox 415 112 503 164; x_wconf 79' lang='lat'><strong>182</strong></span> <span class='ocrx_word' id='word_1_2' title='bbox 1043 103 1237 156; x_wconf 77' lang='lat' dir='ltr'><em>Ariadne</em></span> <span class='ocrx_word' id='word_1_3' title='bbox 1258 98 1447 169; x_wconf 73' lang='lat' dir='ltr'><strong>Physica.</strong></span> 
     </span>
    </p>
   </div>
   <div class='ocr_carea' id='block_1_2' title="bbox 351 197 2175 2649">
    <p class='ocr_par' dir='ltr' id='par_1_2' title="bbox 351 197 2175 2649">
     <span class='ocr_line' id='line_1_2' title="bbox 354 197 2175 272; baseline -0.002 -13"><span class='ocrx_word' id='word_1_4' title='bbox 354 213 500 260; x_wconf 87' lang='lat' dir='ltr'><strong>viore</strong></span> <span class='ocrx_word' id='word_1_5' title='bbox 520 202 655 258; x_wconf 69' lang='lat' dir='ltr'><strong>noxa</strong></span> <span class='ocrx_word' id='word_1_6' title='bbox 680 204 861 272; x_wconf 84' lang='lat' dir='ltr'><strong>negligi</strong></span> <span class='ocrx_word' id='word_1_7' title='bbox 884 202 1107 272; x_wconf 75' lang='lat' dir='ltr'><strong>poffe,&#39;eo</strong></span> <span class='ocrx_word' id='word_1_8' title='bbox 1129 205 1268 272; x_wconf 76' lang='lat' dir='ltr'><strong>quod</strong></span> <span class='ocrx_word' id='word_1_9' title='bbox 1290 203 1554 255; x_wconf 86' lang='lat' dir='ltr'><strong>consilium</strong></span> <span class='ocrx_word' id='word_1_10' title='bbox 1575 197 1757 256; x_wconf 81' lang='lat' dir='ltr'><strong>fit,non</strong></span> <span class='ocrx_word' id='word_1_11' title='bbox 1780 215 2096 270; x_wconf 68' lang='lat' dir='ltr'><strong>praeceptum.</strong></span> <span class='ocrx_word' id='word_1_12' title='bbox 2174 242 2175 246; x_wconf 63' lang='lat'><strong>,</strong></span> 
     </span>
     <span class='ocr_line' id='line_1_3' title="bbox 351 266 2175 333; baseline -0.004 -10"><span class='ocrx_word' id='word_1_13' title='bbox 351 273 452 325; x_wconf 85' lang='lat' dir='ltr'><strong>Sed</strong></span> <span class='ocrx_word' id='word_1_14' title='bbox 480 272 670 322; x_wconf 86' lang='lat' dir='ltr'>addidit</span> <span class='ocrx_word' id='word_1_15' title='bbox 699 271 995 324; x_wconf 75' lang='lat' dir='ltr'>clausulam,</span> <span class='ocrx_word' id='word_1_16' title='bbox 1022 285 1202 333; x_wconf 88' lang='lat' dir='ltr'><strong>quam,</strong></span> <span class='ocrx_word' id='word_1_17' title='bbox 1224 270 1404 321; x_wconf 88' lang='lat' dir='ltr'><strong>velim,</strong></span> <span class='ocrx_word' id='word_1_18' title='bbox 1433 266 1678 331; x_wconf 71' lang='lat' dir='ltr'>signanter</span> <span class='ocrx_word' id='word_1_19' title='bbox 1708 281 1877 316; x_wconf 86' lang='lat' dir='ltr'><strong>notes:</strong></span> <span class='ocrx_word' id='word_1_20' title='bbox 1915 267 2009 316; x_wconf 84' lang='lat' dir='ltr'><strong>effe</strong></span> <span class='ocrx_word' id='word_1_21' title='bbox 2033 280 2101 317; x_wconf 87' lang='lat' dir='ltr'><strong>ta·</strong></span> <span class='ocrx_word' id='word_1_22' title='bbox 2174 280 2175 298; x_wconf 62' lang='lat'>*</span> 
     </span>
     <span class='ocr_line' id='line_1_4' title="bbox 353 331 2159 399; baseline -0.004 -14"><span class='ocrx_word' id='word_1_23' title='bbox 353 352 503 391; x_wconf 86' lang='lat' dir='ltr'><strong>men,</strong></span> <span class='ocrx_word' id='word_1_24' title='bbox 521 335 738 389; x_wconf 83' lang='lat' dir='ltr'><strong>afferuit,</strong></span> <span class='ocrx_word' id='word_1_25' title='bbox 761 336 973 398; x_wconf 85' lang='lat' dir='ltr'><strong>reperire</strong></span> <span class='ocrx_word' id='word_1_26' title='bbox 993 350 1101 383; x_wconf 88' lang='lat' dir='ltr'><strong>non</strong></span> <span class='ocrx_word' id='word_1_27' title='bbox 1123 348 1309 399; x_wconf 87' lang='lat' dir='ltr'><strong>paucos</strong></span> <span class='ocrx_word' id='word_1_28' title='bbox 1326 365 1338 386; x_wconf 91' lang='lat'><strong>,</strong></span> <span class='ocrx_word' id='word_1_29' title='bbox 1366 334 1452 393; x_wconf 86' lang='lat' dir='ltr'><strong>qui</strong></span> <span class='ocrx_word' id='word_1_30' title='bbox 1482 331 1552 378; x_wconf 91' lang='lat' dir='ltr'><strong>ob</strong></span> <span class='ocrx_word' id='word_1_31' title='bbox 1579 331 1857 395; x_wconf 60' lang='lat' dir='ltr'><strong>neglectam</strong></span> <span class='ocrx_word' id='word_1_32' title='bbox 1880 334 2106 381; x_wconf 86' lang='lat' dir='ltr'><strong>vocatio·</strong></span> <span class='ocrx_word' id='word_1_33' title='bbox 2145 363 2159 370; x_wconf 88' lang='lat'>-</span> 
     </span>
     <span class='ocr_line' id='line_1_5' title="bbox 354 393 2105 459; baseline -0.004 -11"><span class='ocrx_word' id='word_1_34' title='bbox 354 416 474 449; x_wconf 88' lang='lat' dir='ltr'><strong>nem</strong></span> <span class='ocrx_word' id='word_1_35' title='bbox 498 399 646 448; x_wconf 88' lang='lat' dir='ltr'><strong>salute</strong></span> <span class='ocrx_word' id='word_1_36' title='bbox 665 396 966 446; x_wconf 84' lang='lat' dir='ltr'><strong>exciderent:</strong></span> <span class='ocrx_word' id='word_1_37' title='bbox 1003 398 1151 447; x_wconf 88' lang='lat' dir='ltr'><strong>fallor</strong></span> <span class='ocrx_word' id='word_1_38' title='bbox 1165 431 1177 450; x_wconf 94' lang='lat'><strong>,</strong></span> <span class='ocrx_word' id='word_1_39' title='bbox 1198 411 1304 444; x_wconf 88' lang='lat' dir='ltr'><strong>non</strong></span> <span class='ocrx_word' id='word_1_40' title='bbox 1325 394 1394 442; x_wconf 92' lang='lat' dir='ltr'><strong>ob</strong></span> <span class='ocrx_word' id='word_1_41' title='bbox 1414 393 1720 457; x_wconf 69' lang='lat' dir='ltr'><strong>neglestam‚</strong></span> <span class='ocrx_word' id='word_1_42' title='bbox 1744 394 1824 442; x_wconf 89' lang='lat' dir='ltr'><strong>sed</strong></span> <span class='ocrx_word' id='word_1_43' title='bbox 1849 395 1919 443; x_wconf 94' lang='lat' dir='ltr'><strong>ob</strong></span> <span class='ocrx_word' id='word_1_44' title='bbox 1940 394 2105 459; x_wconf 80' lang='lat' dir='ltr'><strong>negle-</strong></span> 
     </span>
     <span class='ocr_line' id='line_1_6' title="bbox 353 457 2106 526; baseline -0.005 -14"><span class='ocrx_word' id='word_1_45' title='bbox 353 463 441 511; x_wconf 66' lang='lat' dir='ltr'><strong>&amp;ae</strong></span> <span class='ocrx_word' id='word_1_46' title='bbox 475 461 755 526; x_wconf 73' lang='lat' dir='ltr'><strong>pedissequa</strong></span> <span class='ocrx_word' id='word_1_47' title='bbox 782 460 956 509; x_wconf 87' lang='lat' dir='ltr'><strong>scelera</strong></span> <span class='ocrx_word' id='word_1_48' title='bbox 987 493 1000 515; x_wconf 92' lang='lat'><strong>,</strong></span> <span class='ocrx_word' id='word_1_49' title='bbox 1044 476 1153 523; x_wconf 80' lang='lat' dir='ltr'><strong>qnae</strong></span> <span class='ocrx_word' id='word_1_50' title='bbox 1188 458 1479 524; x_wconf 70' lang='lat' dir='ltr'><strong>prazviderat</strong></span> <span class='ocrx_word' id='word_1_51' title='bbox 1526 457 1804 519; x_wconf 82' lang='lat' dir='ltr'><strong>benignum</strong></span> <span class='ocrx_word' id='word_1_52' title='bbox 1857 460 2069 507; x_wconf 86' lang='lat' dir='ltr'><strong>Numen</strong></span> <span class='ocrx_word' id='word_1_53' title='bbox 2092 489 2106 511; x_wconf 93' lang='lat'>‚</span> 
     </span>
     <span class='ocr_line' id='line_1_7' title="bbox 352 519 2108 586; baseline -0.004 -11"><span class='ocrx_word' id='word_1_54' title='bbox 352 528 404 575; x_wconf 93' lang='lat' dir='ltr'><strong>in</strong></span> <span class='ocrx_word' id='word_1_55' title='bbox 433 526 619 576; x_wconf 81' lang='lat' dir='ltr'>Mundi</span> <span class='ocrx_word' id='word_1_56' title='bbox 647 523 932 586; x_wconf 74' lang='lat' dir='ltr'>labyrintho</span> <span class='ocrx_word' id='word_1_57' title='bbox 962 523 1098 573; x_wconf 89' lang='lat' dir='ltr'><strong>hunc</strong></span> <span class='ocrx_word' id='word_1_58' title='bbox 1130 523 1441 572; x_wconf 85' lang='lat' dir='ltr'><strong>incursurum</strong></span> <span class='ocrx_word' id='word_1_59' title='bbox 1466 553 1480 574; x_wconf 94' lang='lat'><strong>,</strong></span> <span class='ocrx_word' id='word_1_60' title='bbox 1509 519 1542 568; x_wconf 88' lang='lat' dir='ltr'>fi</span> <span class='ocrx_word' id='word_1_61' title='bbox 1568 520 1799 569; x_wconf 86' lang='lat' dir='ltr'><strong>oblatum</strong></span> <span class='ocrx_word' id='word_1_62' title='bbox 1825 522 2108 570; x_wconf 83' lang='lat' dir='ltr'><strong>vocationis</strong></span> 
     </span>
     <span class='ocr_line' id='line_1_8' title="bbox 354 582 2155 653; baseline -0.004 -15"><span class='ocrx_word' id='word_1_63' title='bbox 354 588 524 643; x_wconf 79' lang='lat' dir='ltr'><strong>filum,</strong></span> <span class='ocrx_word' id='word_1_64' title='bbox 548 589 628 638; x_wconf 90' lang='lat' dir='ltr'><strong>vel</strong></span> <span class='ocrx_word' id='word_1_65' title='bbox 665 603 773 636; x_wconf 88' lang='lat' dir='ltr'><strong>non</strong></span> <span class='ocrx_word' id='word_1_66' title='bbox 803 590 1060 653; x_wconf 77' lang='lat' dir='ltr'><strong>arriperet,</strong></span> <span class='ocrx_word' id='word_1_67' title='bbox 1094 587 1173 635; x_wconf 80' lang='lat' dir='ltr'><strong>vel</strong></span> <span class='ocrx_word' id='word_1_68' title='bbox 1210 582 1428 634; x_wconf 82' lang='lat' dir='ltr'><strong>omnino</strong></span> <span class='ocrx_word' id='word_1_69' title='bbox 1460 583 1796 647; x_wconf 82' lang='lat' dir='ltr'><strong>abrumperet.</strong></span> <span class='ocrx_word' id='word_1_70' title='bbox 1865 585 1985 633; x_wconf 82' lang='lat' dir='ltr'><strong>Haec</strong></span> <span class='ocrx_word' id='word_1_71' title='bbox 2008 584 2106 632; x_wconf 89' lang='lat' dir='ltr'><strong>ille.</strong></span> <span class='ocrx_word' id='word_1_72' title='bbox 2153 606 2155 611; x_wconf 96' lang='lat'>·</span> 
     </span>
     <span class='ocr_line' id='line_1_9' title="bbox 355 646 2108 716; baseline -0.005 -13"><span class='ocrx_word' id='word_1_73' title='bbox 355 655 559 716; x_wconf 86' lang='lat' dir='ltr'><strong>Excepit</strong></span> <span class='ocrx_word' id='word_1_74' title='bbox 589 650 747 699; x_wconf 86' lang='lat' dir='ltr'><strong>thefin</strong></span> <span class='ocrx_word' id='word_1_75' title='bbox 777 650 906 700; x_wconf 91' lang='lat' dir='ltr'><strong>hanc</strong></span> <span class='ocrx_word' id='word_1_76' title='bbox 939 650 1166 716; x_wconf 84' lang='lat' dir='ltr'><strong>Sophus,</strong></span> <span class='ocrx_word' id='word_1_77' title='bbox 1199 652 1250 699; x_wconf 66' lang='grc' dir='ltr'><strong>ὃς</strong></span> <span class='ocrx_word' id='word_1_78' title='bbox 1281 650 1471 697; x_wconf 90' lang='lat' dir='ltr'><strong>utinam</strong></span> <span class='ocrx_word' id='word_1_79' title='bbox 1500 647 1627 694; x_wconf 91' lang='lat' dir='ltr'><strong>bene</strong></span> <span class='ocrx_word' id='word_1_80' title='bbox 1659 646 1900 700; x_wconf 84' lang='lat' dir='ltr'><strong>decisam,</strong></span> <span class='ocrx_word' id='word_1_81' title='bbox 1929 647 2108 695; x_wconf 78' lang='lat' dir='ltr'><strong>melius</strong></span> 
     </span>
     <span class='ocr_line' id='line_1_10' title="bbox 355 710 2109 780; baseline -0.004 -16"><span class='ocrx_word' id='word_1_82' title='bbox 355 713 728 780; x_wconf 66' lang='lat' dir='ltr'><strong>propugnasset!</strong></span> <span class='ocrx_word' id='word_1_83' title='bbox 773 729 891 763; x_wconf 90' lang='lat' dir='ltr'><strong>nam</strong></span> <span class='ocrx_word' id='word_1_84' title='bbox 921 714 1039 763; x_wconf 79' lang='lat' dir='ltr'><strong>cum</strong></span> <span class='ocrx_word' id='word_1_85' title='bbox 1074 715 1359 776; x_wconf 86' lang='lat' dir='ltr'><strong>frequenter</strong></span> <span class='ocrx_word' id='word_1_86' title='bbox 1389 711 1455 759; x_wconf 90' lang='lat' dir='ltr'><strong>illi</strong></span> <span class='ocrx_word' id='word_1_87' title='bbox 1487 722 1750 774; x_wconf 81' lang='lat' dir='ltr'><strong>oggereret</strong></span> <span class='ocrx_word' id='word_1_88' title='bbox 1781 710 2109 764; x_wconf 86' lang='lat' dir='ltr'><strong>conscientia,</strong></span> 
     </span>
     <span class='ocr_line' id='line_1_11' title="bbox 361 775 2110 843; baseline -0.004 -16"><span class='ocrx_word' id='word_1_89' title='bbox 361 782 686 843; x_wconf 81' lang='lat' dir='ltr'><strong>Religionem</strong></span> <span class='ocrx_word' id='word_1_90' title='bbox 713 776 807 826; x_wconf 73' lang='lat' dir='ltr'><strong>ess&#39;e</strong></span> <span class='ocrx_word' id='word_1_91' title='bbox 833 779 1174 842; x_wconf 84' lang='lat' dir='ltr'><strong>periculorum</strong></span> <span class='ocrx_word' id='word_1_92' title='bbox 1202 775 1446 825; x_wconf 87' lang='lat' dir='ltr'><strong>omnium</strong></span> <span class='ocrx_word' id='word_1_93' title='bbox 1473 775 1852 826; x_wconf 82' lang='lat' dir='ltr'><strong>exterminium,</strong></span> <span class='ocrx_word' id='word_1_94' title='bbox 1877 788 2110 822; x_wconf 89' lang='lat' dir='ltr'><strong>curarum</strong></span> 
     </span>
     <span class='ocr_line' id='line_1_12' title="bbox 367 836 2112 903; baseline -0.005 -11"><span class='ocrx_word' id='word_1_95' title='bbox 367 844 596 895; x_wconf 84' lang='lat' dir='ltr'><strong>exilium,</strong></span> <span class='ocrx_word' id='word_1_96' title='bbox 618 841 645 890; x_wconf 75' lang='lat' dir='ltr'><strong>a</strong></span> <span class='ocrx_word' id='word_1_97' title='bbox 666 841 851 891; x_wconf 88' lang='lat' dir='ltr'><strong>Mundi</strong></span> <span class='ocrx_word' id='word_1_98' title='bbox 881 841 1033 889; x_wconf 85' lang='lat' dir='ltr'><strong>turbis</strong></span> <span class='ocrx_word' id='word_1_99' title='bbox 1060 841 1273 903; x_wconf 77' lang='lat' dir='ltr'><strong>asylum,</strong></span> <span class='ocrx_word' id='word_1_100' title='bbox 1303 837 1667 899; x_wconf 82' lang='lat' dir='ltr'><strong>tranquillitatis</strong></span> <span class='ocrx_word' id='word_1_101' title='bbox 1699 849 1931 900; x_wconf 90' lang='lat' dir='ltr'><strong>portum,</strong></span> <span class='ocrx_word' id='word_1_102' title='bbox 1955 836 2112 900; x_wconf 87' lang='lat' dir='ltr'><strong>perfe-</strong></span> 
     </span>
     <span class='ocr_line' id='line_1_13' title="bbox 359 899 2112 958; baseline -0.005 -3"><span class='ocrx_word' id='word_1_103' title='bbox 359 907 526 955; x_wconf 70' lang='lat' dir='ltr'><strong>Ctioris</strong></span> <span class='ocrx_word' id='word_1_104' title='bbox 547 906 656 953; x_wconf 82' lang='lat' dir='ltr'><strong>vitae</strong></span> <span class='ocrx_word' id='word_1_105' title='bbox 680 906 946 953; x_wconf 88' lang='lat' dir='ltr'><strong>Nutricem</strong></span> <span class='ocrx_word' id='word_1_106' title='bbox 963 937 975 958; x_wconf 92' lang='lat'><strong>,</strong></span> <span class='ocrx_word' id='word_1_107' title='bbox 997 906 1305 953; x_wconf 85' lang='lat' dir='ltr'><strong>Genitricem</strong></span> <span class='ocrx_word' id='word_1_108' title='bbox 1335 903 1524 950; x_wconf 81' lang='lat' dir='ltr'><strong>virtutis</strong></span> <span class='ocrx_word' id='word_1_109' title='bbox 1541 932 1553 952; x_wconf 93' lang='lat'><strong>,</strong></span> <span class='ocrx_word' id='word_1_110' title='bbox 1581 900 1872 948; x_wconf 82' lang='lat' dir='ltr'><strong>mediorum</strong></span> <span class='ocrx_word' id='word_1_111' title='bbox 1896 899 1959 947; x_wconf 88' lang='lat' dir='ltr'><strong>ad</strong></span> <span class='ocrx_word' id='word_1_112' title='bbox 1992 900 2112 947; x_wconf 86' lang='lat' dir='ltr'><strong>salu-</strong></span> 
     </span>
     <span class='ocr_line' id='line_1_14' title="bbox 360 962 2111 1024; baseline -0.005 -7"><span class='ocrx_word' id='word_1_113' title='bbox 360 982 467 1017; x_wconf 87' lang='lat' dir='ltr'><strong>tem</strong></span> <span class='ocrx_word' id='word_1_114' title='bbox 497 969 964 1016; x_wconf 80' lang='lat' dir='ltr'><strong>armamentarium,</strong></span> <span class='ocrx_word' id='word_1_115' title='bbox 989 966 1273 1014; x_wconf 86' lang='lat' dir='ltr'><strong>thesaurum</strong></span> <span class='ocrx_word' id='word_1_116' title='bbox 1298 963 1550 1024; x_wconf 78' lang='lat' dir='ltr'><strong>Evangelii</strong></span> <span class='ocrx_word' id='word_1_117' title='bbox 1579 962 1957 1015; x_wconf 88' lang='lat' dir='ltr'><strong>absconditum,</strong></span> <span class='ocrx_word' id='word_1_118' title='bbox 1980 963 2111 1011; x_wconf 88' lang='lat' dir='ltr'><strong>Mar-</strong></span> 
     </span>
     <span class='ocr_line' id='line_1_15' title="bbox 361 1022 2112 1096; baseline -0.005 -17"><span class='ocrx_word' id='word_1_119' title='bbox 361 1035 590 1096; x_wconf 74' lang='lat' dir='ltr'><strong>gamain,</strong></span> <span class='ocrx_word' id='word_1_120' title='bbox 608 1028 847 1076; x_wconf 89' lang='lat' dir='ltr'><strong>omnibus</strong></span> <span class='ocrx_word' id='word_1_121' title='bbox 859 1030 1041 1075; x_wconf 88' lang='lat' dir='ltr'><strong>Mundi</strong></span> <span class='ocrx_word' id='word_1_122' title='bbox 1061 1026 1293 1073; x_wconf 85' lang='lat' dir='ltr'><strong>thesauris</strong></span> <span class='ocrx_word' id='word_1_123' title='bbox 1313 1022 1471 1084; x_wconf 75' lang='lat' dir='ltr'><strong>magis</strong></span> <span class='ocrx_word' id='word_1_124' title='bbox 1496 1024 1778 1084; x_wconf 88' lang='lat' dir='ltr'><strong>pretiosam,</strong></span> <span class='ocrx_word' id='word_1_125' title='bbox 1793 1026 1978 1072; x_wconf 88' lang='lat' dir='ltr'><strong>Mortis</strong></span> <span class='ocrx_word' id='word_1_126' title='bbox 2000 1024 2112 1071; x_wconf 83' lang='lat' dir='ltr'><strong>bea-</strong></span> 
     </span>
     <span class='ocr_line' id='line_1_16' title="bbox 361 1084 2111 1157; baseline -0.005 -15"><span class='ocrx_word' id='word_1_127' title='bbox 361 1108 421 1142; x_wconf 86' lang='lat' dir='ltr'><strong>tae</strong></span> <span class='ocrx_word' id='word_1_128' title='bbox 443 1092 778 1157; x_wconf 86' lang='lat' dir='ltr'><strong>prodromam</strong></span> <span class='ocrx_word' id='word_1_129' title='bbox 797 1120 809 1142; x_wconf 94' lang='lat'><strong>,</strong></span> <span class='ocrx_word' id='word_1_130' title='bbox 829 1100 1018 1135; x_wconf 85' lang='lat' dir='ltr'><strong>certam</strong></span> <span class='ocrx_word' id='word_1_131' title='bbox 1041 1088 1201 1135; x_wconf 83' lang='lat' dir='ltr'><strong>salutis</strong></span> <span class='ocrx_word' id='word_1_132' title='bbox 1224 1085 1502 1133; x_wconf 82' lang='lat' dir='ltr'><strong>anchoram</strong></span> <span class='ocrx_word' id='word_1_133' title='bbox 1519 1116 1531 1136; x_wconf 92' lang='lat'><strong>,</strong></span> <span class='ocrx_word' id='word_1_134' title='bbox 1551 1084 1866 1133; x_wconf 86' lang='lat' dir='ltr'><strong>beatitudinis</strong></span> <span class='ocrx_word' id='word_1_135' title='bbox 1889 1085 2111 1134; x_wconf 87' lang='lat' dir='ltr'><strong>arrham:</strong></span> 
     </span>
     <span class='ocr_line' id='line_1_17' title="bbox 362 1143 2115 1214; baseline -0.006 -9"><span class='ocrx_word' id='word_1_136' title='bbox 362 1157 492 1206; x_wconf 90' lang='lat' dir='ltr'><strong>hanc</strong></span> <span class='ocrx_word' id='word_1_137' title='bbox 513 1166 676 1202; x_wconf 86' lang='lat' dir='ltr'><strong>totam</strong></span> <span class='ocrx_word' id='word_1_138' title='bbox 697 1149 1120 1214; x_wconf 80' lang='lat' dir='ltr'><strong>anacaephaleosin</strong></span> <span class='ocrx_word' id='word_1_139' title='bbox 1134 1150 1301 1206; x_wconf 78' lang='lat' dir='ltr'><strong>rejecit</strong></span> <span class='ocrx_word' id='word_1_140' title='bbox 1322 1143 1500 1197; x_wconf 76' lang='lat' dir='ltr'><strong>verbo,</strong></span> <span class='ocrx_word' id='word_1_141' title='bbox 1516 1148 1693 1195; x_wconf 91' lang='lat' dir='ltr'><strong>Lacon</strong></span> <span class='ocrx_word' id='word_1_142' title='bbox 1709 1146 2014 1212; x_wconf 88' lang='lat' dir='ltr'><strong>despotieus:</strong></span> <span class='ocrx_word' id='word_1_143' title='bbox 2037 1165 2115 1195; x_wconf 83' lang='lat' dir='ltr'><strong>non</strong></span> 
     </span>
     <span class='ocr_line' id='line_1_18' title="bbox 365 1211 2115 1279; baseline -0.003 -14"><span class='ocrx_word' id='word_1_144' title='bbox 365 1233 525 1266; x_wconf 83' lang='lat' dir='ltr'><strong>teneor.</strong></span> <span class='ocrx_word' id='word_1_145' title='bbox 595 1215 735 1264; x_wconf 75' lang='lat' dir='ltr'><strong>Cum</strong></span> <span class='ocrx_word' id='word_1_146' title='bbox 764 1225 994 1262; x_wconf 87' lang='lat' dir='ltr'><strong>mentem</strong></span> <span class='ocrx_word' id='word_1_147' title='bbox 1034 1224 1277 1279; x_wconf 79' lang='lat' dir='ltr'><strong>pungeret</strong></span> <span class='ocrx_word' id='word_1_148' title='bbox 1306 1211 1387 1262; x_wconf 83' lang='lat' dir='ltr'><strong>vel</strong></span> <span class='ocrx_word' id='word_1_149' title='bbox 1413 1212 1574 1258; x_wconf 90' lang='lat' dir='ltr'><strong>invito</strong></span> <span class='ocrx_word' id='word_1_150' title='bbox 1597 1211 1723 1275; x_wconf 90' lang='lat' dir='ltr'><strong>Apis</strong></span> <span class='ocrx_word' id='word_1_151' title='bbox 1751 1211 2000 1260; x_wconf 80' lang='lat' dir='ltr'><strong>mellifluae</strong></span> <span class='ocrx_word' id='word_1_152' title='bbox 2023 1227 2115 1260; x_wconf 88' lang='lat' dir='ltr'><strong>no-</strong></span> 
     </span>
     <span class='ocr_line' id='line_1_19' title="bbox 367 1274 2116 1345; baseline -0.005 -15"><span class='ocrx_word' id='word_1_153' title='bbox 367 1295 416 1330; x_wconf 89' lang='lat' dir='ltr'><strong>ta</strong></span> <span class='ocrx_word' id='word_1_154' title='bbox 445 1278 732 1345; x_wconf 78' lang='lat' dir='ltr'><strong>polythesis:</strong></span> <span class='ocrx_word' id='word_1_155' title='bbox 770 1280 813 1323; x_wconf 83' lang='lat' dir='ltr'><strong>in</strong></span> <span class='ocrx_word' id='word_1_156' title='bbox 838 1277 1060 1337; x_wconf 80' lang='lat' dir='ltr'><strong>Religione</strong></span> <span class='ocrx_word' id='word_1_157' title='bbox 1087 1277 1208 1322; x_wconf 84' lang='lat' dir='ltr'><strong>homo</strong></span> <span class='ocrx_word' id='word_1_158' title='bbox 1229 1278 1350 1322; x_wconf 82' lang='lat' dir='ltr'><strong>vivit</strong></span> <span class='ocrx_word' id='word_1_159' title='bbox 1360 1274 1540 1335; x_wconf 74' lang='lat' dir='ltr'><strong>purius,</strong></span> <span class='ocrx_word' id='word_1_160' title='bbox 1566 1275 1681 1320; x_wconf 84' lang='lat' dir='ltr'><strong>cadit</strong></span> <span class='ocrx_word' id='word_1_161' title='bbox 1698 1275 1865 1326; x_wconf 79' lang='lat' dir='ltr'><strong>rarius,</strong></span> <span class='ocrx_word' id='word_1_162' title='bbox 1881 1274 2021 1334; x_wconf 78' lang='lat' dir='ltr'><strong>surgit</strong></span> <span class='ocrx_word' id='word_1_163' title='bbox 2042 1292 2116 1321; x_wconf 81' lang='lat' dir='ltr'><strong>ve-</strong></span> 
     </span>
     <span class='ocr_line' id='line_1_20' title="bbox 370 1337 2138 1402; baseline -0.01 -10"><span class='ocrx_word' id='word_1_164' title='bbox 370 1345 518 1395; x_wconf 78' lang='lat' dir='ltr'><strong>locius,</strong></span> <span class='ocrx_word' id='word_1_165' title='bbox 542 1344 698 1389; x_wconf 76' lang='lat' dir='ltr'><strong>incedit</strong></span> <span class='ocrx_word' id='word_1_166' title='bbox 720 1341 912 1391; x_wconf 76' lang='lat' dir='ltr'><strong>cautius,</strong></span> <span class='ocrx_word' id='word_1_167' title='bbox 935 1344 1152 1388; x_wconf 75' lang='lat' dir='ltr'><strong>irroratur</strong></span> <span class='ocrx_word' id='word_1_168' title='bbox 1176 1338 1473 1402; x_wconf 66' lang='lat' dir='ltr'><strong>frequentius,</strong></span> <span class='ocrx_word' id='word_1_169' title='bbox 1500 1337 1674 1400; x_wconf 79' lang='lat' dir='ltr'><strong>quiescit</strong></span> <span class='ocrx_word' id='word_1_170' title='bbox 1694 1337 1909 1395; x_wconf 52' lang='lat' dir='ltr'><strong>saturius,</strong></span> <span class='ocrx_word' id='word_1_171' title='bbox 1931 1341 2138 1385; x_wconf 66' lang='lat' dir='ltr'><strong>moritur,</strong></span> 
     </span>
     <span class='ocr_line' id='line_1_21' title="bbox 369 1400 2140 1466; baseline -0.005 -13"><span class='ocrx_word' id='word_1_172' title='bbox 369 1406 666 1466; x_wconf 76' lang='lat' dir='ltr'><strong>confidentius,</strong></span> <span class='ocrx_word' id='word_1_173' title='bbox 696 1416 906 1465; x_wconf 80' lang='lat' dir='ltr'><strong>purgatur</strong></span> <span class='ocrx_word' id='word_1_174' title='bbox 933 1405 1060 1450; x_wconf 73' lang='lat' dir='ltr'><strong>citius</strong></span> <span class='ocrx_word' id='word_1_175' title='bbox 1079 1440 1091 1455; x_wconf 84' lang='lat'><strong>,</strong></span> <span class='ocrx_word' id='word_1_176' title='bbox 1127 1414 1425 1449; x_wconf 78' lang='lat' dir='ltr'><strong>remuneratur</strong></span> <span class='ocrx_word' id='word_1_177' title='bbox 1455 1400 1678 1460; x_wconf 74' lang='lat' dir='ltr'><strong>copiosius:</strong></span> <span class='ocrx_word' id='word_1_178' title='bbox 1714 1401 1846 1449; x_wconf 90' lang='lat' dir='ltr'><strong>hanc</strong></span> <span class='ocrx_word' id='word_1_179' title='bbox 1867 1401 1948 1449; x_wconf 85' lang='lat' dir='ltr'><strong>ille</strong></span> <span class='ocrx_word' id='word_1_180' title='bbox 1970 1400 2140 1451; x_wconf 74' lang='lat' dir='ltr'><strong>Phra-1</strong></span> 
     </span>
     <span class='ocr_line' id='line_1_22' title="bbox 368 1459 2157 1534; baseline -0.007 -12"><span class='ocrx_word' id='word_1_181' title='bbox 368 1471 636 1534; x_wconf 79' lang='lat' dir='ltr'><strong>siologiam</strong></span> <span class='ocrx_word' id='word_1_182' title='bbox 651 1468 916 1516; x_wconf 68' lang='lat' dir='ltr'><strong>distatorio</strong></span> <span class='ocrx_word' id='word_1_183' title='bbox 930 1467 1162 1516; x_wconf 62' lang='lat' dir='ltr'><strong>maetavit</strong></span> <span class='ocrx_word' id='word_1_184' title='bbox 1179 1464 1428 1528; x_wconf 82' lang='lat' dir='ltr'><strong>trisyllabo</strong></span> <span class='ocrx_word' id='word_1_185' title='bbox 1443 1482 1453 1512; x_wconf 90' lang='lat'><strong>:</strong></span> <span class='ocrx_word' id='word_1_186' title='bbox 1470 1479 1549 1510; x_wconf 81' lang='lat' dir='ltr'><strong>non</strong></span> <span class='ocrx_word' id='word_1_187' title='bbox 1563 1476 1724 1515; x_wconf 83' lang='lat' dir='ltr'><strong>teneor,</strong></span> <span class='ocrx_word' id='word_1_188' title='bbox 1741 1464 1956 1524; x_wconf 82' lang='lat' dir='ltr'><strong>Consilium</strong></span> <span class='ocrx_word' id='word_1_189' title='bbox 1971 1465 2023 1518; x_wconf 83' lang='lat' dir='ltr'><strong>est</strong></span> <span class='ocrx_word' id='word_1_190' title='bbox 2037 1465 2119 1512; x_wconf 91' lang='lat' dir='ltr'><strong>Vo-</strong></span> <span class='ocrx_word' id='word_1_191' title='bbox 2138 1459 2157 1522; x_wconf 58' lang='lat' dir='ltr'><strong>l,</strong></span> 
     </span>
     <span class='ocr_line' id='line_1_23' title="bbox 368 1524 2154 1592; baseline -0.003 -11"><span class='ocrx_word' id='word_1_192' title='bbox 368 1537 508 1585; x_wconf 84' lang='lat' dir='ltr'><strong>catio,</strong></span> <span class='ocrx_word' id='word_1_193' title='bbox 529 1549 608 1578; x_wconf 85' lang='lat' dir='ltr'><strong>non</strong></span> <span class='ocrx_word' id='word_1_194' title='bbox 633 1537 907 1590; x_wconf 73' lang='lat' dir='ltr'><strong>PraecePtum.</strong></span> <span class='ocrx_word' id='word_1_195' title='bbox 976 1532 1054 1579; x_wconf 87' lang='lat' dir='ltr'><strong>Sic</strong></span> <span class='ocrx_word' id='word_1_196' title='bbox 1080 1530 1163 1578; x_wconf 90' lang='lat' dir='ltr'><strong>diu</strong></span> <span class='ocrx_word' id='word_1_197' title='bbox 1189 1527 1326 1577; x_wconf 75' lang='lat' dir='ltr'><strong>elusit</strong></span> <span class='ocrx_word' id='word_1_198' title='bbox 1342 1527 1600 1576; x_wconf 88' lang='lat' dir='ltr'><strong>Ariadnen</strong></span> <span class='ocrx_word' id='word_1_199' title='bbox 1620 1528 1882 1581; x_wconf 87' lang='lat' dir='ltr'><strong>Divinam,</strong></span> <span class='ocrx_word' id='word_1_200' title='bbox 1903 1529 2118 1592; x_wconf 77' lang='lat' dir='ltr'><strong>ignaruS,</strong></span> <span class='ocrx_word' id='word_1_201' title='bbox 2139 1524 2154 1587; x_wconf 63' lang='lat' dir='ltr'><strong>j·</strong></span> 
     </span>
     <span class='ocr_line' id='line_1_24' title="bbox 369 1586 2149 1661; baseline -0.004 -14"><span class='ocrx_word' id='word_1_202' title='bbox 369 1595 514 1661; x_wconf 82' lang='lat' dir='ltr'><strong>quod</strong></span> <span class='ocrx_word' id='word_1_203' title='bbox 538 1610 656 1644; x_wconf 89' lang='lat' dir='ltr'><strong>cum</strong></span> <span class='ocrx_word' id='word_1_204' title='bbox 679 1596 874 1656; x_wconf 89' lang='lat' dir='ltr'><strong>Superis</strong></span> <span class='ocrx_word' id='word_1_205' title='bbox 897 1609 1054 1642; x_wconf 86' lang='lat' dir='ltr'><strong>nemo</strong></span> <span class='ocrx_word' id='word_1_206' title='bbox 1077 1593 1314 1642; x_wconf 71' lang='lat' dir='ltr'><strong>hae&#39;tenus</strong></span> <span class='ocrx_word' id='word_1_207' title='bbox 1342 1591 1501 1638; x_wconf 92' lang='lat' dir='ltr'><strong>luserit</strong></span> <span class='ocrx_word' id='word_1_208' title='bbox 1520 1586 1746 1654; x_wconf 78' lang='lat' dir='ltr'><strong>impune,</strong></span> <span class='ocrx_word' id='word_1_209' title='bbox 1767 1593 1889 1654; x_wconf 88' lang='lat' dir='ltr'><strong>quin</strong></span> <span class='ocrx_word' id='word_1_210' title='bbox 1913 1591 2120 1640; x_wconf 89' lang='lat' dir='ltr'><strong>tandem</strong></span> <span class='ocrx_word' id='word_1_211' title='bbox 2138 1590 2149 1645; x_wconf 65' lang='grc' dir='ltr'><strong>ζ’</strong></span> 
     </span>
     <span class='ocr_line' id='line_1_25' title="bbox 370 1652 2120 1725; baseline -0.004 -17"><span class='ocrx_word' id='word_1_212' title='bbox 370 1661 577 1725; x_wconf 85' lang='lat' dir='ltr'><strong>ipsemet</strong></span> <span class='ocrx_word' id='word_1_213' title='bbox 607 1659 778 1707; x_wconf 76' lang='lat' dir='ltr'><strong>misere</strong></span> <span class='ocrx_word' id='word_1_214' title='bbox 813 1657 1145 1706; x_wconf 88' lang='lat' dir='ltr'><strong>deluderetur.</strong></span> <span class='ocrx_word' id='word_1_215' title='bbox 1248 1652 1578 1718; x_wconf 79' lang='lat' dir='ltr'><strong>Philosophiae</strong></span> <span class='ocrx_word' id='word_1_216' title='bbox 1616 1653 1985 1702; x_wconf 86' lang='lat' dir='ltr'><strong>condecoratus</strong></span> <span class='ocrx_word' id='word_1_217' title='bbox 2020 1655 2146 1704; x_wconf 71' lang='lat' dir='ltr'><strong>lau-&#39;³</strong></span> 
     </span>
     <span class='ocr_line' id='line_1_26' title="bbox 373 1716 2119 1783; baseline -0.005 -9"><span class='ocrx_word' id='word_1_218' title='bbox 373 1720 540 1775; x_wconf 68' lang='lat' dir='ltr'><strong>reola,</strong></span> <span class='ocrx_word' id='word_1_219' title='bbox 569 1723 898 1770; x_wconf 86' lang='lat' dir='ltr'><strong>vocationem</strong></span> <span class='ocrx_word' id='word_1_220' title='bbox 933 1720 1021 1769; x_wconf 82' lang='lat' dir='ltr'><strong>fibi</strong></span> <span class='ocrx_word' id='word_1_221' title='bbox 1048 1736 1105 1768; x_wconf 86' lang='lat' dir='ltr'><strong>ex</strong></span> <span class='ocrx_word' id='word_1_222' title='bbox 1127 1720 1305 1783; x_wconf 80' lang='lat' dir='ltr'><strong>genio,</strong></span> <span class='ocrx_word' id='word_1_223' title='bbox 1327 1716 1381 1766; x_wconf 77' lang='lat' dir='ltr'><strong>ut</strong></span> <span class='ocrx_word' id='word_1_224' title='bbox 1412 1728 1546 1765; x_wconf 87' lang='lat' dir='ltr'><strong>amat</strong></span> <span class='ocrx_word' id='word_1_225' title='bbox 1567 1719 1895 1781; x_wconf 80' lang='lat' dir='ltr'><strong>contingere,</strong></span> <span class='ocrx_word' id='word_1_226' title='bbox 1914 1717 2119 1766; x_wconf 87' lang='lat' dir='ltr'><strong>fabrica-</strong></span> 
     </span>
     <span class='ocr_line' id='line_1_27' title="bbox 373 1780 2120 1838; baseline -0.004 -3"><span class='ocrx_word' id='word_1_227' title='bbox 373 1789 468 1838; x_wconf 88' lang='lat' dir='ltr'><strong>vit:</strong></span> <span class='ocrx_word' id='word_1_228' title='bbox 507 1784 797 1835; x_wconf 85' lang='lat' dir='ltr'><strong>Parentibus</strong></span> <span class='ocrx_word' id='word_1_229' title='bbox 821 1784 1008 1832; x_wconf 90' lang='lat' dir='ltr'><strong>arbitris</strong></span> <span class='ocrx_word' id='word_1_230' title='bbox 1024 1816 1036 1836; x_wconf 85' lang='lat'><strong>,</strong></span> <span class='ocrx_word' id='word_1_231' title='bbox 1058 1781 1358 1838; x_wconf 80' lang='lat' dir='ltr'><strong>Consiliarijs</strong></span> <span class='ocrx_word' id='word_1_232' title='bbox 1385 1794 1560 1834; x_wconf 90' lang='lat' dir='ltr'><strong>earne,</strong></span> <span class='ocrx_word' id='word_1_233' title='bbox 1584 1783 1633 1828; x_wconf 69' lang='grc' dir='ltr'><strong>ὅς</strong></span> <span class='ocrx_word' id='word_1_234' title='bbox 1658 1780 1882 1834; x_wconf 90' lang='lat' dir='ltr'><strong>Mundo,</strong></span> <span class='ocrx_word' id='word_1_235' title='bbox 1903 1780 2120 1829; x_wconf 88' lang='lat' dir='ltr'><strong>Suasori-</strong></span> 
     </span>
     <span class='ocr_line' id='line_1_28' title="bbox 373 1841 2121 1909; baseline -0.005 -9"><span class='ocrx_word' id='word_1_236' title='bbox 373 1852 466 1900; x_wconf 91' lang='lat' dir='ltr'><strong>bus</strong></span> <span class='ocrx_word' id='word_1_237' title='bbox 486 1850 671 1897; x_wconf 90' lang='lat' dir='ltr'><strong>amicis.</strong></span> <span class='ocrx_word' id='word_1_238' title='bbox 773 1849 905 1899; x_wconf 90' lang='lat' dir='ltr'><strong>Hinc</strong></span> <span class='ocrx_word' id='word_1_239' title='bbox 926 1849 1011 1909; x_wconf 87' lang='lat' dir='ltr'><strong>qui</strong></span> <span class='ocrx_word' id='word_1_240' title='bbox 1039 1849 1224 1896; x_wconf 84' lang='lat' dir='ltr'><strong>Romae</strong></span> <span class='ocrx_word' id='word_1_241' title='bbox 1258 1846 1356 1901; x_wconf 84' lang='lat' dir='ltr'><strong>jam</strong></span> <span class='ocrx_word' id='word_1_242' title='bbox 1378 1841 1672 1908; x_wconf 73' lang='lat' dir='ltr'><strong>repudiasset</strong></span> <span class='ocrx_word' id='word_1_243' title='bbox 1696 1842 1882 1891; x_wconf 90' lang='lat' dir='ltr'><strong>sacram</strong></span> <span class='ocrx_word' id='word_1_244' title='bbox 1903 1843 2121 1892; x_wconf 87' lang='lat' dir='ltr'><strong>Pruden-</strong></span> 
     </span>
     <span class='ocr_line' id='line_1_29' title="bbox 374 1905 2123 1977; baseline -0.005 -14"><span class='ocrx_word' id='word_1_245' title='bbox 374 1918 524 1967; x_wconf 89' lang='lat' dir='ltr'><strong>tiam,</strong></span> <span class='ocrx_word' id='word_1_246' title='bbox 545 1912 813 1977; x_wconf 88' lang='lat' dir='ltr'><strong>profanam</strong></span> <span class='ocrx_word' id='word_1_247' title='bbox 835 1911 946 1966; x_wconf 88' lang='lat' dir='ltr'><strong>juris</strong></span> <span class='ocrx_word' id='word_1_248' title='bbox 967 1912 1017 1956; x_wconf 91' lang='lat' dir='ltr'><strong>in</strong></span> <span class='ocrx_word' id='word_1_249' title='bbox 1037 1907 1363 1958; x_wconf 87' lang='lat' dir='ltr'><strong>Maceratensi</strong></span> <span class='ocrx_word' id='word_1_250' title='bbox 1387 1905 1669 1956; x_wconf 69' lang='lat' dir='ltr'><strong>Academia</strong></span> <span class='ocrx_word' id='word_1_251' title='bbox 1692 1905 1927 1967; x_wconf 76' lang='lat' dir='ltr'><strong>quaefivit.</strong></span> <span class='ocrx_word' id='word_1_252' title='bbox 2025 1906 2123 1956; x_wconf 87' lang='lat' dir='ltr'><strong>Sed</strong></span> 
     </span>
     <span class='ocr_line' id='line_1_30' title="bbox 375 1966 2171 2041; baseline -0.005 -15"><span class='ocrx_word' id='word_1_253' title='bbox 375 1993 484 2041; x_wconf 83' lang='lat' dir='ltr'><strong>quae</strong></span> <span class='ocrx_word' id='word_1_254' title='bbox 514 1975 540 2024; x_wconf 77' lang='lat' dir='ltr'><strong>a</strong></span> <span class='ocrx_word' id='word_1_255' title='bbox 561 1978 780 2035; x_wconf 90' lang='lat' dir='ltr'><strong>Juvene,</strong></span> <span class='ocrx_word' id='word_1_256' title='bbox 802 1976 853 2023; x_wconf 92' lang='lat' dir='ltr'><strong>in</strong></span> <span class='ocrx_word' id='word_1_257' title='bbox 874 1975 1084 2036; x_wconf 79' lang='lat' dir='ltr'><strong>negotio</strong></span> <span class='ocrx_word' id='word_1_258' title='bbox 1115 1973 1317 2020; x_wconf 88' lang='lat' dir='ltr'><strong>summo</strong></span> <span class='ocrx_word' id='word_1_259' title='bbox 1347 1970 1410 2019; x_wconf 82' lang='lat' dir='ltr'><strong>fic</strong></span> <span class='ocrx_word' id='word_1_260' title='bbox 1432 1966 1758 2023; x_wconf 85' lang='lat' dir='ltr'><strong>inconstanti,</strong></span> <span class='ocrx_word' id='word_1_261' title='bbox 1781 1972 1956 2034; x_wconf 88' lang='lat' dir='ltr'><strong>sperari</strong></span> <span class='ocrx_word' id='word_1_262' title='bbox 1976 1968 2121 2034; x_wconf 83' lang='lat' dir='ltr'><strong>poffit</strong></span> <span class='ocrx_word' id='word_1_263' title='bbox 2141 1977 2171 2035; x_wconf 63' lang='grc' dir='ltr'><em>ξ</em></span> 
     </span>
     <span class='ocr_line' id='line_1_31' title="bbox 375 2033 2171 2101; baseline -0.005 -11"><span class='ocrx_word' id='word_1_264' title='bbox 375 2037 680 2090; x_wconf 74' lang='lat' dir='ltr'><strong>constantia?</strong></span> <span class='ocrx_word' id='word_1_265' title='bbox 716 2039 803 2101; x_wconf 87' lang='lat' dir='ltr'><strong>qui</strong></span> <span class='ocrx_word' id='word_1_266' title='bbox 822 2039 1006 2086; x_wconf 76' lang='lat' dir='ltr'><strong>Roma:</strong></span> <span class='ocrx_word' id='word_1_267' title='bbox 1038 2035 1268 2084; x_wconf 89' lang='lat' dir='ltr'><strong>trinsabat</strong></span> <span class='ocrx_word' id='word_1_268' title='bbox 1296 2050 1414 2082; x_wconf 89' lang='lat' dir='ltr'><strong>cum</strong></span> <span class='ocrx_word' id='word_1_269' title='bbox 1438 2034 1653 2097; x_wconf 82' lang='lat' dir='ltr'><strong>Cygnis,</strong></span> <span class='ocrx_word' id='word_1_270' title='bbox 1677 2033 1942 2082; x_wconf 87' lang='lat' dir='ltr'><strong>Maeeratae</strong></span> <span class='ocrx_word' id='word_1_271' title='bbox 1965 2036 2133 2082; x_wconf 71' lang='lat' dir='ltr'><strong>croci-</strong></span> <span class='ocrx_word' id='word_1_272' title='bbox 2160 2036 2171 2058; x_wconf 73' lang='lat'><strong>³&#39;</strong></span> 
     </span>
     <span class='ocr_line' id='line_1_32' title="bbox 365 2097 2122 2162; baseline -0.004 -9"><span class='ocrx_word' id='word_1_273' title='bbox 365 2105 511 2153; x_wconf 74' lang='lat' dir='ltr'><strong>=tabat</strong></span> <span class='ocrx_word' id='word_1_274' title='bbox 532 2118 650 2150; x_wconf 90' lang='lat' dir='ltr'><strong>cum</strong></span> <span class='ocrx_word' id='word_1_275' title='bbox 674 2103 863 2151; x_wconf 86' lang='lat' dir='ltr'><strong>corvis:</strong></span> <span class='ocrx_word' id='word_1_276' title='bbox 902 2101 986 2162; x_wconf 87' lang='lat' dir='ltr'><strong>qui</strong></span> <span class='ocrx_word' id='word_1_277' title='bbox 1005 2100 1189 2149; x_wconf 85' lang='lat' dir='ltr'><strong>Romae</strong></span> <span class='ocrx_word' id='word_1_278' title='bbox 1214 2097 1521 2146; x_wconf 75' lang='lat' dir='ltr'><strong>nutriebatur</strong></span> <span class='ocrx_word' id='word_1_279' title='bbox 1541 2098 1593 2144; x_wconf 91' lang='lat' dir='ltr'><strong>in</strong></span> <span class='ocrx_word' id='word_1_280' title='bbox 1620 2098 1809 2144; x_wconf 89' lang='lat' dir='ltr'><strong>croceis</strong></span> <span class='ocrx_word' id='word_1_281' title='bbox 1825 2131 1838 2151; x_wconf 91' lang='lat'><strong>,</strong></span> <span class='ocrx_word' id='word_1_282' title='bbox 1859 2099 2122 2146; x_wconf 88' lang='lat' dir='ltr'><strong>Maceratae</strong></span> 
     </span>
     <span class='ocr_line' id='line_1_33' title="bbox 377 2156 2124 2228; baseline -0.003 -13"><span class='ocrx_word' id='word_1_283' title='bbox 377 2167 685 2228; x_wconf 83' lang='lat' dir='ltr'><strong>amplexatus</strong></span> <span class='ocrx_word' id='word_1_284' title='bbox 712 2162 779 2212; x_wconf 90' lang='lat' dir='ltr'><strong>est</strong></span> <span class='ocrx_word' id='word_1_285' title='bbox 803 2160 1043 2215; x_wconf 82' lang='lat' dir='ltr'><strong>stercora5</strong></span> <span class='ocrx_word' id='word_1_286' title='bbox 1079 2177 1197 2210; x_wconf 88' lang='lat' dir='ltr'><strong>nam</strong></span> <span class='ocrx_word' id='word_1_287' title='bbox 1211 2163 1338 2220; x_wconf 84' lang='lat' dir='ltr'><strong>Juris</strong></span> <span class='ocrx_word' id='word_1_288' title='bbox 1351 2160 1671 2210; x_wconf 88' lang='lat' dir='ltr'><strong>Prudentiam</strong></span> <span class='ocrx_word' id='word_1_289' title='bbox 1694 2156 1763 2207; x_wconf 90' lang='lat' dir='ltr'><strong>est</strong></span> <span class='ocrx_word' id='word_1_290' title='bbox 1785 2160 1989 2222; x_wconf 88' lang='lat' dir='ltr'><strong>quidem</strong></span> <span class='ocrx_word' id='word_1_291' title='bbox 2012 2175 2124 2223; x_wconf 91' lang='lat' dir='ltr'><strong>pro-</strong></span> 
     </span>
     <span class='ocr_line' id='line_1_34' title="bbox 378 2220 2123 2289; baseline -0.003 -11"><span class='ocrx_word' id='word_1_292' title='bbox 378 2230 549 2282; x_wconf 76' lang='lat' dir='ltr'><strong>fessus,</strong></span> <span class='ocrx_word' id='word_1_293' title='bbox 573 2227 651 2275; x_wconf 87' lang='lat' dir='ltr'><strong>sed</strong></span> <span class='ocrx_word' id='word_1_294' title='bbox 674 2228 1008 2289; x_wconf 86' lang='lat' dir='ltr'><strong>frequentavit</strong></span> <span class='ocrx_word' id='word_1_295' title='bbox 1027 2222 1279 2273; x_wconf 85' lang='lat' dir='ltr'><strong>stultitiam</strong></span> <span class='ocrx_word' id='word_1_296' title='bbox 1294 2257 1306 2278; x_wconf 86' lang='lat'><strong>,</strong></span> <span class='ocrx_word' id='word_1_297' title='bbox 1334 2220 1519 2271; x_wconf 68' lang='lat' dir='ltr'><strong>deserta</strong></span> <span class='ocrx_word' id='word_1_298' title='bbox 1541 2223 1764 2276; x_wconf 88' lang='lat' dir='ltr'><strong>Pallade,</strong></span> <span class='ocrx_word' id='word_1_299' title='bbox 1786 2223 1976 2272; x_wconf 84' lang='lat' dir='ltr'><strong>infame</strong></span> <span class='ocrx_word' id='word_1_300' title='bbox 1998 2226 2123 2272; x_wconf 90' lang='lat' dir='ltr'><strong>seor-</strong></span> 
     </span>
     <span class='ocr_line' id='line_1_35' title="bbox 381 2285 2123 2353; baseline -0.006 -10"><span class='ocrx_word' id='word_1_301' title='bbox 381 2306 510 2342; x_wconf 88' lang='lat' dir='ltr'><strong>tum.</strong></span> <span class='ocrx_word' id='word_1_302' title='bbox 578 2291 676 2339; x_wconf 91' lang='lat' dir='ltr'><strong>Sed</strong></span> <span class='ocrx_word' id='word_1_303' title='bbox 695 2290 793 2337; x_wconf 78' lang='lat' dir='ltr'><strong>sine</strong></span> <span class='ocrx_word' id='word_1_304' title='bbox 819 2290 1007 2339; x_wconf 84' lang='lat' dir='ltr'><strong>aemulis</strong></span> <span class='ocrx_word' id='word_1_305' title='bbox 1028 2289 1144 2337; x_wconf 87' lang='lat' dir='ltr'><strong>hnic</strong></span> <span class='ocrx_word' id='word_1_306' title='bbox 1165 2304 1326 2353; x_wconf 90' lang='lat' dir='ltr'><strong>proco</strong></span> <span class='ocrx_word' id='word_1_307' title='bbox 1351 2287 1435 2335; x_wconf 92' lang='lat' dir='ltr'><strong>diu</strong></span> <span class='ocrx_word' id='word_1_308' title='bbox 1459 2285 1551 2334; x_wconf 83' lang='lat' dir='ltr'><strong>effe</strong></span> <span class='ocrx_word' id='word_1_309' title='bbox 1574 2302 1682 2334; x_wconf 91' lang='lat' dir='ltr'><strong>non</strong></span> <span class='ocrx_word' id='word_1_310' title='bbox 1707 2287 1865 2335; x_wconf 86' lang='lat' dir='ltr'><strong>licuit:</strong></span> <span class='ocrx_word' id='word_1_311' title='bbox 1902 2302 2018 2335; x_wconf 88' lang='lat' dir='ltr'><strong>nam</strong></span> <span class='ocrx_word' id='word_1_312' title='bbox 2041 2285 2123 2333; x_wconf 88' lang='lat' dir='ltr'><strong>ha-</strong></span> 
     </span>
     <span class='ocr_line' id='line_1_36' title="bbox 384 2347 2120 2416; baseline -0.005 -11"><span class='ocrx_word' id='word_1_313' title='bbox 384 2356 504 2406; x_wconf 88' lang='lat' dir='ltr'><strong>bent</strong></span> <span class='ocrx_word' id='word_1_314' title='bbox 521 2353 622 2402; x_wconf 88' lang='lat' dir='ltr'><strong>hoc</strong></span> <span class='ocrx_word' id='word_1_315' title='bbox 651 2355 815 2415; x_wconf 87' lang='lat' dir='ltr'><strong>Lycea</strong></span> <span class='ocrx_word' id='word_1_316' title='bbox 839 2352 1098 2416; x_wconf 87' lang='lat' dir='ltr'><strong>Cupidinis</strong></span> <span class='ocrx_word' id='word_1_317' title='bbox 1114 2385 1126 2406; x_wconf 92' lang='lat'><strong>,</strong></span> <span class='ocrx_word' id='word_1_318' title='bbox 1150 2364 1204 2400; x_wconf 91' lang='lat' dir='ltr'><strong>ut</strong></span> <span class='ocrx_word' id='word_1_319' title='bbox 1225 2365 1487 2413; x_wconf 81' lang='lat' dir='ltr'><strong>nunquam</strong></span> <span class='ocrx_word' id='word_1_320' title='bbox 1519 2349 1675 2398; x_wconf 78' lang='lat' dir='ltr'><strong>desint</strong></span> <span class='ocrx_word' id='word_1_321' title='bbox 1691 2350 1906 2399; x_wconf 81' lang='lat' dir='ltr'><strong>Rivales.</strong></span> <span class='ocrx_word' id='word_1_322' title='bbox 1988 2347 2120 2396; x_wconf 85' lang='lat' dir='ltr'><strong>Hinc</strong></span> 
     </span>
     <span class='ocr_line' id='line_1_37' title="bbox 385 2406 2122 2478; baseline -0.007 -10"><span class='ocrx_word' id='word_1_323' title='bbox 385 2419 505 2469; x_wconf 75' lang='lat' dir='ltr'><strong>cum</strong></span> <span class='ocrx_word' id='word_1_324' title='bbox 528 2416 678 2466; x_wconf 55' lang='lat' dir='ltr'><strong>nodie</strong></span> <span class='ocrx_word' id='word_1_325' title='bbox 697 2414 939 2477; x_wconf 83' lang='lat' dir='ltr'><strong>quadam,</strong></span> <span class='ocrx_word' id='word_1_326' title='bbox 962 2415 1237 2478; x_wconf 83' lang='lat' dir='ltr'><strong>Cynthiam</strong></span> <span class='ocrx_word' id='word_1_327' title='bbox 1266 2414 1402 2462; x_wconf 87' lang='lat' dir='ltr'><strong>suam</strong></span> <span class='ocrx_word' id='word_1_328' title='bbox 1428 2413 1584 2461; x_wconf 76' lang='lat' dir='ltr'><strong>adiret</strong></span> <span class='ocrx_word' id='word_1_329' title='bbox 1610 2413 1690 2464; x_wconf 89' lang='lat' dir='ltr'><strong>hic</strong></span> <span class='ocrx_word' id='word_1_330' title='bbox 1714 2414 1960 2462; x_wconf 86' lang='lat' dir='ltr'><strong>Latmius,</strong></span> <span class='ocrx_word' id='word_1_331' title='bbox 1985 2406 2011 2456; x_wconf 75' lang='lat' dir='ltr'><strong>a</strong></span> <span class='ocrx_word' id='word_1_332' title='bbox 2036 2410 2122 2458; x_wconf 83' lang='lat' dir='ltr'><strong>Ri-</strong></span> 
     </span>
     <span class='ocr_line' id='line_1_38' title="bbox 383 2473 2120 2538; baseline -0.006 -7"><span class='ocrx_word' id='word_1_333' title='bbox 383 2483 484 2533; x_wconf 89' lang='lat' dir='ltr'><strong>vali</strong></span> <span class='ocrx_word' id='word_1_334' title='bbox 497 2480 656 2530; x_wconf 85' lang='lat' dir='ltr'><strong>subito</strong></span> <span class='ocrx_word' id='word_1_335' title='bbox 678 2476 950 2530; x_wconf 75' lang='lat' dir='ltr'><strong>confoss&#39;us,</strong></span> <span class='ocrx_word' id='word_1_336' title='bbox 979 2479 1203 2526; x_wconf 88' lang='lat' dir='ltr'><strong>concidit</strong></span> <span class='ocrx_word' id='word_1_337' title='bbox 1228 2477 1422 2526; x_wconf 86' lang='lat' dir='ltr'><strong>infelix:</strong></span> <span class='ocrx_word' id='word_1_338' title='bbox 1461 2479 1535 2529; x_wconf 71' lang='grc' dir='ltr'><strong>ὃς,</strong></span> <span class='ocrx_word' id='word_1_339' title='bbox 1557 2477 1698 2538; x_wconf 86' lang='lat' dir='ltr'><strong>quod</strong></span> <span class='ocrx_word' id='word_1_340' title='bbox 1717 2473 1930 2525; x_wconf 85' lang='lat' dir='ltr'><strong>mireris,</strong></span> <span class='ocrx_word' id='word_1_341' title='bbox 1953 2474 2120 2520; x_wconf 88' lang='lat' dir='ltr'><strong>conci-</strong></span> 
     </span>
     <span class='ocr_line' id='line_1_39' title="bbox 384 2535 2118 2608; baseline -0.007 -11"><span class='ocrx_word' id='word_1_342' title='bbox 384 2545 456 2598; x_wconf 83' lang='lat' dir='ltr'><strong>dit</strong></span> <span class='ocrx_word' id='word_1_343' title='bbox 487 2556 600 2599; x_wconf 80' lang='lat' dir='ltr'><strong>ante</strong></span> <span class='ocrx_word' id='word_1_344' title='bbox 619 2554 820 2608; x_wconf 86' lang='lat' dir='ltr'><strong>portam</strong></span> <span class='ocrx_word' id='word_1_345' title='bbox 851 2540 976 2594; x_wconf 85' lang='lat' dir='ltr'><strong>illius</strong></span> <span class='ocrx_word' id='word_1_346' title='bbox 1010 2538 1216 2593; x_wconf 69' lang='lat' dir='ltr'><strong>Domus</strong></span> <span class='ocrx_word' id='word_1_347' title='bbox 1244 2539 1530 2604; x_wconf 79' lang='lat' dir='ltr'><strong>Religiosae,</strong></span> <span class='ocrx_word' id='word_1_348' title='bbox 1559 2553 1711 2600; x_wconf 86' lang='lat' dir='ltr'><strong>quam</strong></span> <span class='ocrx_word' id='word_1_349' title='bbox 1732 2537 1912 2588; x_wconf 84' lang='lat' dir='ltr'><strong>intrare</strong></span> <span class='ocrx_word' id='word_1_350' title='bbox 1937 2566 1950 2587; x_wconf 89' lang='lat'><strong>,</strong></span> <span class='ocrx_word' id='word_1_351' title='bbox 1974 2535 2118 2586; x_wconf 88' lang='lat' dir='ltr'><strong>DEO</strong></span> 
     </span>
     <span class='ocr_line' id='line_1_40' title="bbox 1873 2612 2060 2649; baseline -0.016 0"><span class='ocrx_word' id='word_1_352' title='bbox 1873 2612 2060 2649; x_wconf 85' lang='lat' dir='ltr'><strong>vocan-</strong></span> 
     </span>
    </p>
   </div>
   <div class='ocr_carea' id='block_1_3' title="bbox 112 1187 340 1425">
    <p class='ocr_par' dir='ltr' id='par_1_3' title="bbox 114 1187 326 1237">
     <span class='ocr_line' id='line_1_41' title="bbox 114 1187 326 1237; baseline -0.024 0"><span class='ocrx_word' id='word_1_353' title='bbox 114 1187 326 1237; x_wconf 83' lang='lat' dir='ltr'><strong>Bernard.</strong></span> 
     </span>
    </p>

    <p class='ocr_par' dir='ltr' id='par_1_4' title="bbox 116 1251 318 1359">
     <span class='ocr_line' id='line_1_42' title="bbox 116 1251 302 1299; baseline -0.027 0"><span class='ocrx_word' id='word_1_354' title='bbox 116 1253 227 1299; x_wconf 84' lang='lat' dir='ltr'><strong>hom.</strong></span> <span class='ocrx_word' id='word_1_355' title='bbox 252 1251 302 1295; x_wconf 89' lang='lat' dir='ltr'><strong>de</strong></span> 
     </span>
     <span class='ocr_line' id='line_1_43' title="bbox 147 1323 318 1359; baseline 0 0"><span class='ocrx_word' id='word_1_356' title='bbox 147 1323 318 1359; x_wconf 77' lang='lat' dir='ltr'><strong>uaerent.</strong></span> 
     </span>
    </p>

    <p class='ocr_par' dir='ltr' id='par_1_5' title="bbox 112 1330 340 1425">
     <span class='ocr_line' id='line_1_44' title="bbox 112 1330 340 1425; baseline -0.022 0"><span class='ocrx_word' id='word_1_357' title='bbox 112 1330 340 1425; x_wconf 67' lang='lat' dir='ltr'><strong>ZomMar-</strong></span> 
     </span>
    </p>
   </div>
   <div class='ocr_carea' id='block_1_4' title="bbox 113 1448 333 1502">
    <p class='ocr_par' dir='ltr' id='par_1_6' title="bbox 113 1448 333 1502">
     <span class='ocr_line' id='line_1_45' title="bbox 113 1448 333 1502; baseline 0 -16"><span class='ocrx_word' id='word_1_358' title='bbox 113 1448 333 1502; x_wconf 72' lang='lat' dir='ltr'><strong>gar.ep.7.</strong></span> 
     </span>
    </p>
   </div>
  </div>
 </body>
</html>
