2175 2911
379 96 400 130 1
412 96 430 130 1
441 82 470 127 6
939 81 1175 129 Academia
1204 82 1457 130 Brutorum.

307 174 430 220 tiam
454 170 729 220 exornavit.
796 169 951 218 MEL:
1019 170 1079 220 In
1103 168 1440 219 Academiam
1465 179 1516 216 te
1539 167 1724 217 ducam
1744 167 1916 225 hodie,
1938 187 2047 225 non

304 234 442 284 illam
467 233 676 296 quidem
691 232 1020 288 Platonicam,
1030 233 1111 282 sed
1133 233 1443 294 illam,quam
1457 227 1844 286 Pan,Pastorum
1855 233 2048 291 DEUS,

305 298 358 347 in
377 299 522 361 pratis
535 313 549 349 3
585 311 739 360 quam
762 297 814 344 in
837 296 994 361 Sylvis
1013 297 1191 349 Diana,
1218 295 1507 350 volucrum,
1527 292 1849 358 ferarumque
1861 298 2056 362 Regina

305 359 621 425 Philosophis
641 361 815 408 erexit:
850 360 1027 413 verbo,
1043 361 1094 407 in
1107 360 1385 405 Academiam
1400 362 1650 412 Brutorum,
1669 359 1969 423 Sophorum
1984 361 2052 410 di.

307 422 467 474 scursu
491 456 504 477 ,
534 435 684 486 atque
712 424 919 473 decursu
947 420 1294 487 digniffimam.
1378 419 1576 472 LEUC:
1645 424 1838 473 Orexin
1873 435 2053 474 movet

307 485 619 537 Athenaeum
643 485 744 536 hoc
766 501 963 536 novum
977 519 991 540 ,
1011 489 1061 537 8(
1081 484 1415 550 paradoxum:
1453 483 1533 532 sed
1548 485 1670 546 quid
1691 485 1858 534 dicent
1882 488 2056 552 impal-

305 550 462 599 lentes
488 551 688 599 Timaeo
717 548 804 599 suo
838 550 1100 599 Platones?
1144 548 1265 612 quid
1293 551 1344 597 in
1377 548 1596 598 litteratis
1616 549 1865 613 Emporiis
1897 553 2055 614 togati

306 615 498 667 Patres,
526 610 560 661 fi
581 612 820 662 derelifiw
845 613 1043 677 pluteo,
1071 612 1207 664 Urbe
1235 609 1447 674 egressos
1471 611 1708 665 viderint,
1726 624 1862 676 prata
1892 614 2053 662 viren-

307 679 401 730 tia,
423 679 473 727 &
502 691 709 725 amoena
731 676 993 740 Sylvarum
1029 675 1319 725 umbracula
1346 676 1633 739 pervagari?
1717 677 1815 721 ME
1827 678 1881 721 L:
1958 677 2052 725 Nae

305 752 362 789 tu
389 740 521 788 inani
543 751 683 787 metu
702 738 987 788 conficeris:
1027 741 1473 804 Peripateticorum
1511 734 1579 785 est
1607 736 1888 786 ambulare:
1945 738 2057 787 Phi-

306 801 645 867 losophorum
679 798 749 850 est
769 803 991 851 incolere
1027 802 1206 851 hortos
1226 834 1240 855 ,
1271 799 1492 849 habitare
1525 801 1662 849 villas
1683 834 1696 854 ,
1730 803 1778 850 ὅ(
1808 816 2052 853 nemora,

306 881 416 916 non
451 877 505 914 ut
539 866 759 914 otientur
780 899 792 918 ‚
822 865 904 914 sed
933 878 986 913 ut
1023 863 1352 914 commodius
1386 860 1641 914 studeant3
1689 878 1797 911 non
1834 877 1888 912 ut
1918 864 2052 912 dedi-

307 928 465 980 scant,
485 942 594 990 quae
617 926 834 977 didicere
863 931 914 976 in
938 928 1180 981 Urbibus,
1206 927 1287 974 sed
1322 939 1374 974 ut
1395 927 1570 974 melius
1602 925 1809 980 discant,
1831 940 1939 988 quae
1970 942 2056 990 per

306 991 452 1043 Urbis
483 991 789 1039 tumultuosa
812 990 1150 1037 incommoda
1179 989 1360 1035 discere
1390 1003 1497 1034 non
1529 986 1758 1049 potuere.
1861 990 2059 1037 Oculos

305 1055 552 1114 immerge
578 1050 874 1115 profundius
902 1053 953 1097 in
972 1048 1400 1111 Philosophorum
1429 1048 1630 1095 vivendi
1654 1048 1957 1097 methodum
1973 1083 1986 1103 ,
2005 1055 2056 1102 ὃς

307 1116 499 1164 videbis
520 1114 880 1161 Democritum
900 1111 1203 1158 Abderitem
1235 1110 1321 1157 sub
1353 1110 1561 1157 Platano
1590 1108 2055 1174 philosophantem:

309 1177 522 1227 Laidem
543 1175 846 1237 Cyrenaeum
869 1188 978 1221 non
1003 1172 1088 1221 nisi
1111 1172 1387 1222 docentem
1412 1175 1461 1219 in
1489 1171 1663 1226 hortis,
1686 1188 1814 1235 quos
1833 1176 1942 1224 Rex
1963 1179 2059 1225 At-

305 1241 430 1288 talus
451 1238 584 1287 hunc
608 1237 659 1285 in
691 1235 845 1285 finem
879 1248 1121 1284 erexerat:
1176 1250 1347 1284 cernes
1373 1235 1715 1284 Palaemonem
1745 1237 2058 1288 erudientem

304 1302 417 1352 suos
442 1304 492 1350 in
523 1301 670 1365 pratis
689 1299 902 1352 floridis,
933 1301 984 1347 in
1017 1299 1196 1361 quibus
1227 1295 1509 1347 construdta
1541 1298 1793 1347 habebant
1819 1301 2057 1367 Discipuli

305 1365 387 1415 sua
410 1365 632 1427 tugurIa:
687 1359 1002 1426 obstupesces
1033 1363 1288 1415 Tullium,
1318 1377 1424 1409 uon
1465 1361 1632 1410 minus
1662 1363 2053 1428 Philosophum,

306 1427 464 1491 quam
477 1429 768 1478 Oratorem,
787 1425 1124 1474 Academiam
1144 1425 1281 1473 suam
1307 1423 1502 1472 crexiffe
1524 1427 1576 1472 iu
1593 1426 1735 1481 villis,
1755 1424 1868 1491 apta
1885 1427 2060 1477 ambu-

305 1490 575 1540 lationibus
600 1491 824 1554 porticu,
847 1491 897 1538 ὅ(
927 1487 1168 1537 umbroso
1192 1503 1404 1536 nemore
1424 1488 1702 1537 celebrem:
1739 1492 1819 1538 cui
1841 1507 1936 1555 pro
1957 1507 2059 1540 ma-

307 1553 402 1611 iori
424 1552 717 1602 commodo
743 1553 1024 1601 Marianam
1046 1551 1234 1599 addidit
1261 1566 1535 1614 quercum,
1559 1554 1609 1601 ὅ(
1631 1553 1972 1604 Tusculanum
1994 1554 2059 1603 se-

307 1615 495 1666 cessum
511 1649 524 1670 ,
543 1617 658 1665 loca
682 1615 1092 1680 disputationibus
1111 1627 1221 1680 apta
1243 1647 1256 1667 ,
1282 1614 1416 1664 unde
1436 1613 1670 1691 tluaestiones
1699 1617 1930 1673 Tusculanae
1947 1617 2057 1666 adi.

307 1680 598 1744 sputationis
627 1678 730 1727 hoc
770 1678 1048 1729 Auditorio
1090 1693 1283 1728 nomen
1331 1690 1520 1726 traxere
1541 1709 1555 1731 ,
1601 1689 1751 1739 atque
1787 1683 2055 1742 originem.

311 1745 517 1794 Omitto
541 1743 868 1806 Anaxagoras
885 1775 897 1795 ,
920 1744 1254 1794 Xenocrates,
1280 1744 1539 1792 Zenones,
1567 1740 1877 1795 Carneades,
1900 1743 2059 1806 Chry-

310 1807 473 1873 fippos
488 1839 501 1860 ,
521 1807 780 1870 Diogenes
795 1838 807 1859 ,
828 1805 1068 1859 Solones,
1086 1808 1149 1855 ,ὃς
1172 1807 1466 1853 innumeros
1485 1803 1625 1856 alios,
1647 1805 1731 1866 qui
1753 1820 1860 1853 non
1885 1804 1972 1853 nifi
1996 1809 2059 1852 in-

310 1883 378 1917 ter
408 1869 546 1927 densas
568 1905 580 1920 ,
618 1867 810 1924 umbrosa
841 1871 1058 1914 cacumina
1081 1901 1094 1922 ‚
1116 1867 1242 1927 fugos
1261 1902 1275 1919 ,
1310 1870 1359 1917 ὃ(
1385 1866 1586 1920 docere,
1613 1868 1664 1916 ὅ(
1692 1866 1873 1916 discere
1894 1866 2060 1918 Philo-

310 1932 510 1998 sophica
532 1933 709 1996 placita
740 1929 1066 1981 assueverunt.

440 1996 635 2046 LEUC:
705 1994 1036 2044 Convincunt
1062 1990 1676 2045 mctestimonia‚trahunt
1687 1994 1938 2058 exempla:
1959 2011 2065 2046 am.

313 2057 594 2107 bulabimus
627 2059 773 2121 igitur
800 2056 1119 2122 disputando,
1143 2060 1193 2106 ὅ(
1225 2056 1579 2120 disputabimus
1603 2056 1912 2105 ambulando
1928 2090 1940 2111 ,
1961 2060 2059 2122 pla-

314 2133 393 2169 cet
420 2119 521 2167 haec
548 2121 833 2174 methodus,
851 2136 958 2183 quae
981 2123 1137 2183 jungit
1157 2120 1276 2168 utile
1297 2119 1445 2167 dulci.
1514 2120 1576 2167 Et
1595 2121 1710 2181 quia
1733 2119 1794 2167 de
1812 2120 1972 2169 Brutis
1989 2121 2058 2168 di-

315 2182 563 2232 scurrendi
584 2180 651 2230 est
673 2188 882 2236 animus,
898 2196 1149 2247 patere,ut
1167 2183 1254 2230 tibi
1277 2197 1474 2230 narrem
1487 2182 1900 2246 Apologum,qui
1924 2178 2058 2232 forte

316 2245 460 2295 filum
486 2241 657 2293 nostro
681 2245 921 2296 discursui.
971 2244 1205 2295 Habuere
1224 2246 1304 2294 sua
1327 2245 1590 2308 quondam
1602 2246 1825 2295 Comitia
1837 2247 2059 2294 animan-

316 2320 390 2357 tes
413 2308 588 2361 Brutae,
615 2323 835 2370 quorum
859 2311 1098 2374 prospero
1117 2308 1330 2359 succeffu
1351 2310 1580 2357 animatae
1604 2308 1833 2357 volucres
1848 2338 1862 2359 ‚
1880 2304 1988 2356 imo
2008 2309 2061 2359 ὅ(

317 2372 446 2420 muti
469 2370 615 2436 pisces
639 2373 769 2434 paria
789 2374 838 2419 in
860 2374 949 2421 suis
971 2375 1156 2438 Regnis
1178 2373 1470 2421 indixerant.
1539 2373 1676 2422 Gens
1694 2368 1936 2433 quaelibet,
1961 2373 2058 2420 ritu

318 2433 527 2497 quidem
541 2467 553 2488 ,
568 2436 618 2485 ὃς
637 2435 966 2485 ambientium
986 2433 1149 2493 studiis
1173 2436 1449 2489 divisa,uno
1469 2449 1639 2484 tamen
1659 2434 1849 2484 animo,
1863 2432 2058 2481 Demo-

318 2502 477 2551 cratiae
489 2496 961 2565 pertaesa,proprium
973 2499 1061 2552 sibi
1072 2497 1415 2561 Monarcham
1430 2499 1640 2562 deligere
1652 2495 1807 2546 fixum
1825 2493 2058 2568 habebat,

1234 2574 1243 2580 “
1806 2570 1995 2610 ratum-

679 2655 688 2679 1
