2175 2911
696 113 816 168 C'Irce
835 110 1137 179 Philofhphioa.
1670 135 1758 182 105

73 216 235 322 gnam
256 242 271 264 ,
299 206 382 260 sed
403 225 513 275 quae
530 210 756 262 Talionis
783 225 993 274 poenam
1014 212 1252 261 Authori.
1352 216 1506 266 More
1525 215 1638 269 suo,
1659 218 1710 265 in
1730 217 1823 265 do-

128 286 162 319 o
185 272 481 336 Sophorum
501 274 690 323 circulo
706 306 719 327 ‚
739 272 1013 337 disputabat
1033 274 1328 337 Gregorius:
1365 278 1484 327 cum
1508 296 1625 328 ecce
1649 292 1824 342 quarta

78 349 138 383 ex
162 337 306 386 Orco
327 338 467 386 Furia
488 336 711 389 advolat,
731 337 917 385 infame
928 336 1191 389 Scortum,
1213 352 1264 387 ut
1290 340 1354 388 de
1381 341 1557 389 scelere
1577 344 1825 391 Innocen-

76 407 181 445 tem
211 399 438 448 infamet.
538 400 667 448 Petit
700 400 808 452 illa,
831 397 931 446 sinc
958 399 1129 448 fronte
1150 432 1162 451 ,
1196 400 1222 448 a
1246 402 1499 466 Gregorio
1527 405 1822 460 commercii

74 459 236 510 lascivi
256 458 572 526 stipendium.
672 459 770 512 Hic
793 458 1136 526 obstupescere
1163 478 1344 513 omnes
1366 467 1495 515 hanc
1524 467 1825 516 insolentem

73 527 408 588 proterviam:
446 524 576 575 solus
601 526 891 589 Gregorius,
915 523 1050 586 quasi
1068 525 1220 573 alium
1242 529 1444 577 infamia
1463 542 1824 594 tangeret,n0n

72 590 300 641 moveri,
323 589 480 652 pergit
512 601 745 653 coeptum
772 603 952 658 urgere
982 587 1275 642 discursum,
1307 593 1569 655 indignum
1600 593 1822 643 Philoso-

74 649 180 715 pho
210 663 366 705 ratus,
384 650 418 699 fi
441 651 761 705 discurrendo
778 667 898 699 cum
918 653 1067 704 lanis,
1088 651 1167 699 vel
1187 652 1399 703 verbulo
1420 655 1481 702 ad
1503 656 1721 703 insanam
1744 672 1823 705 ex-

74 727 310 761 curreret.
420 714 517 762 Sed
556 715 773 762 oblatrat
811 715 944 762 canis
978 714 1222 762 maledica
1244 747 1260 767 ‚
1295 713 1553 779 magisque
1600 717 1820 774 effrons,

72 777 125 825 ὃ(
150 772 361 840 strepera
383 809 396 830 ‚
461 776 628 825 udoris
656 778 874 839 ,pretium
911 792 1020 825 non
1047 777 1146 833 jam
1172 774 1413 841 postulat,
1437 779 1517 827 sed
1545 781 1722 836 maiori
1745 795 1821 831 tu-

71 838 238 887 multu
268 854 395 901 expo
442 839 558 886 ulat.
658 841 796 886 Tum
818 838 1035 900 denique
1054 840 1299 904 indignari
1320 857 1529 895 omnes,
1550 843 1679 891 solus
1699 845 1822 893 Gre-

71 903 243 965 gorius
268 899 376 947 fine
406 913 579 951 motu,
605 899 713 949 haec
743 901 948 949 modica
976 903 1219 952 Familiari
1249 904 1338 953 suo
1365 907 1414 952 in
1447 920 1648 952 aurem:
1686 906 1824 955 solve

69 963 282 1011 naulum
309 960 534 1013 molestae
564 963 750 1017 soboli,
781 979 846 1012 ne
874 961 1030 1013 studia
1064 966 1255 1021 turbet,
1281 966 1534 1031 doctaque
1569 968 1826 1033 perturbet

70 1026 349 1087 colloquia.
451 1026 685 1077 Dictum,
710 1026 923 1075 faetum:
950 1032 1136 1094 recepit
1161 1032 1242 1078 illa
1260 1032 1458 1080 malitiae
1481 1033 1723 1095 pretium,
1743 1031 1824 1080 sed

73 1091 123 1139 ὅ(
148 1089 285 1152 pretii
312 1091 496 1153 recepit
515 1090 784 1137 malitiam:
811 1105 929 1136 nam
949 1107 1072 1139 mox
1093 1091 1391 1141 aDaemone
1410 1096 1459 1141 in
1486 1109 1694 1156 poenam
1718 1110 1826 1158 pre-

71 1152 123 1206 tii
147 1149 330 1200 obseffa
345 1185 357 1204 ,
379 1152 570 1200 liberari
596 1167 701 1200 non
724 1153 906 1214 potuit,
922 1152 1008 1200 nisi
1034 1153 1229 1203 cantata
1247 1156 1518 1219 palinodia,
1538 1159 1586 1206 ὅ(
1614 1159 1824 1220 quidem

71 1212 327 1266 Exorcista
344 1215 600 1278 Gregorio
615 1247 628 1266 ,
650 1218 739 1276 qui
767 1216 818 1262 in
839 1230 946 1262 uno
966 1217 1218 1265 Miraculo
1241 1219 1285 1266 se
1308 1216 1671 1268 demonstravit
1695 1221 1824 1269 mul-

71 1279 293 1342 tiplicem
313 1277 752 1340 Thavmaturgum
768 1309 779 1329 ‚
802 1281 916 1339 quia
940 1294 1126 1343 nempe
1146 1279 1450 1345 superiorem
1471 1280 1706 1337 infamia,
1731 1285 1820 1340 otii

72 1354 500 1406 expugnatorem,
523 1339 840 1388 domitorem
867 1339 1129 1397 daemonii,
1159 1346 1211 1393 ὅ(
1236 1344 1379 1406 quod
1405 1348 1642 1393 omnium
1671 1348 1825 1396 maxi-

71 1419 221 1455 mum
236 1437 249 1457 ,
274 1404 518 1452 victorem
546 1403 790 1453 mulieris,
816 1401 1077 1452 daemonio
1097 1406 1295 1468 pejoris,
1316 1409 1433 1468 quia
1452 1409 1638 1457 lascivae
1658 1408 1822 1464 simul,

74 1470 126 1518 ἀ
144 1468 544 1516 calumniatricis·

203 1531 398 1581 LEUC:
468 1527 609 1583 Imo,
629 1529 716 1579 nis1
741 1542 852 1579 tuus
876 1545 959 1578 me
982 1528 1118 1579 fallat
1149 1530 1404 1586 discursus,
1426 1533 1488 1581 de
1518 1532 1825 1584 thavmatur-

109 1611 143 1644 o
171 1590 331 1643 isthoc
352 1592 663 1656 Philosopho
690 1594 740 1641 id
770 1594 874 1650 jure
900 1593 1133 1647 dixerim,
1155 1596 1298 1657 quod
1322 1594 1387 1644 de
1414 1596 1666 1645 Malachia
1695 1599 1825 1647 Mel-

97 1657 260 1705 'fluusz
296 1658 424 1703 inter
447 1660 597 1709 tot,&
614 1668 751 1704 tanta
763 1658 1025 1711 Miracula,
1045 1660 1326 1707 maximum
1342 1661 1664 1714 Miraculum,
1677 1660 1825 1723 quod

71 1719 220 1770 fecit,
244 1718 344 1782 ipse
381 1717 491 1766 fuit.
590 1719 800 1770 Utinam
830 1722 882 1768 in
912 1736 999 1768 me
1038 1736 1252 1784 quoque
1291 1736 1513 1772 exereret
1552 1726 1656 1773 vim
1685 1723 1825 1775 thav-

73 1794 384 1845 maturgam,
404 1794 485 1834 ut,
511 1781 772 1831 eliminato
799 1786 939 1837 otio,
969 1788 1022 1834 &
1051 1800 1179 1849 ego,
1203 1788 1255 1835 ὅ(
1285 1786 1408 1834 mihi
1437 1786 1616 1835 fimilcs
1637 1787 1824 1851 Sophi,

74 1843 228 1893 effent
253 1844 460 1892 tandem
493 1844 820 1910 Philosophi,
851 1848 978 1896 volo
1007 1847 1197 1903 dicere,
1232 1851 1490 1914 Sapientiae
1523 1851 1823 1902 Candidati!

73 1910 230 1956 MEL:
297 1904 605 1958 Modestiam
637 1909 848 1975 probas,
876 1913 992 1973 quia
1022 1911 1083 1959 de
1113 1925 1161 1960 te
1189 1912 1320 1962 solus
1348 1926 1401 1961 tu
1431 1913 1562 1963 adeo
1596 1911 1823 1963 demisse.

76 1971 136 2023 Id
157 1984 328 2018 tamen
349 1985 458 2018 non
480 1971 679 2035 poffum
702 1989 811 2022 non
834 1974 923 2022 tibi
944 1974 1206 2024 confidere
1230 1976 1316 2024 sub
1342 1977 1467 2030 rofia,
1489 1977 1745 2029 Vetemum,
1766 1980 1824 2026 (9⁶

76 2034 299 2082 Philtrum
320 2032 662 2094 Philosophorum
673 2037 926 2101 plerumque
953 2036 1176 2095 fasbinum.
1275 2040 1554 2104 Sopiuntur
1581 2055 1825 2096 veterno,

76 2110 134 2149 ut
148 2098 453 2161 Sapientiam
473 2098 754 2163 neglioant3
789 2113 1187 2164 corrumpuntur
1217 2101 1419 2166 philtro,
1440 2116 1494 2152 ut
1511 2103 1736 2152 deserant
1759 2107 1830 2153 in-

73 2163 374 2225 tegritatem.
474 2162 593 2210 Haec
608 2137 787 2223 ²1⁷-iydra
799 2165 979 2227 Magiae
1003 2165 1185 2228 biceps,
1199 2180 1353 2228 quam
1374 2179 1430 2214 ut
1450 2166 1824 2221 debelles,Gre-
1846 2169 2028 2218 Serm.8.

74 2226 226 2298 gorio
253 2238 381 2288 opus
404 2220 498 2277 est,
521 2224 602 2273 sed
621 2224 996 2290 thavmaturgo.
1068 2228 1182 2291 Age
1198 2262 1211 2282 ,
1237 2232 1343 2291 quis
1376 2229 1534 2277 fando
1558 2245 1821 2280 enumeret
1849 2234 1892 2275 in
1914 2229 2058 2291 Puris:

75 2286 303 2338 1nfandas
324 2283 531 2351 strages,
556 2287 618 2336 ab
648 2290 760 2336 otio
781 2303 1045 2352 nunquam
1071 2306 1180 2340 non
1208 2293 1439 2356 Peripato
1461 2292 1641 2342 illatas?
1675 2296 1822 2342 inter·
1851 2297 1902 2340 Β.
1918 2295 1969 2341 V.

77 2366 230 2416 toga,
250 2348 285 2397 fi
312 2349 475 2404 lubet,
497 2350 774 2402 Mellifiuos
790 2384 803 2405 ,
826 2353 879 2401 &
910 2355 1075 2401 otium
1100 2353 1267 2402 dicent
1291 2358 1634 2406 tentationum
1663 2358 1816 2404 collu-
1842 2357 1960 2402 Idem
1976 2358 2060 2407 l.1.

74 2417 213 2467 viem
227 2445 243 2466 ,
264 2411 722 2463 summam-mentis
743 2415 1003 2469 malitiam,
1024 2417 1279 2468 malorum
1301 2421 1537 2468 omnium
1559 2421 1815 2473 sentinam,
1842 2419 1893 2466 de
1904 2421 2057 2482 Confid.

81 2490 306 2528 mortem
327 2478 520 2525 animae.
598 2477 786 2527 Dicent
803 2478 1070 2530 Daemonis
1096 2481 1296 2538 januam
1312 2514 1325 2535 ‚
1352 2497 1451 2545 qua
1474 2483 1659 2532 illicitas
1682 2483 1818 2544 cogi-

79 2543 333 2595 tationum
352 2539 631 2598 illecebras,
654 2543 808 2593 etiam
822 2541 1083 2658 pugffimis
1102 2547 1356 2598 mentibus
1378 2543 1589 2599 instillat.
1604 2607 1635 2661 s
1658 2543 1817 2657 {hry-

1624 2623 1658 2659 0
1704 2622 1759 2660 0-
