2175 2911
0 769 4 778 -
0 736 8 762 Δγ
0 684 5 701 ,—
0 635 7 649 ,.

732 122 903 187 cozoffm
934 123 1153 188 Mysticus.
1700 134 1761 193 ες

0 212 15 283 ξῗ
75 242 296 295 pomum
318 224 584 276 Sodomae,
619 218 757 277 cujus
781 218 1055 284 superficies
1081 220 1234 275 ridet,
1261 224 1468 273 nucleus
1488 236 1676 275 moeret
1696 227 1749 274 in
1770 228 1836 274 ci-

82 307 234 341 nere:
270 289 501 339 fimetum
528 285 683 333 niveo
716 283 1014 332 contectum
1041 283 1225 333 vellere
1252 302 1265 332 :
1300 286 1615 350 sepulchrum
1641 289 1838 338 dealba-

81 356 193 404 tum
212 386 226 407 ,
260 349 504 413 mephytis
525 343 751 410 stagnans
767 379 780 400 ‚
815 346 994 396 hamus
1013 344 1246 396 illecebra
1268 349 1450 404 testus‚
1464 352 1673 401 coluber
1693 353 1837 401 colo-

81 430 212 466 ratus
233 417 284 463 in
309 411 477 460 herba.
531 412 608 459 En
631 411 640 457 l
679 411 799 460 Deae
818 409 962 467 hujus
999 410 1351 477 horoscopum
1372 444 1387 468 ,
1422 429 1532 478 quae
1560 427 1641 465 tot
1670 417 1724 465 in
1741 414 1837 475 ho-

80 480 217 532 mine
240 487 411 526 motus
436 506 449 527 ‚
485 485 563 522 tot
582 475 633 521 in
658 473 799 522 Orbe
818 476 913 523 ciet
932 474 1192 523 tumultus.

235 537 431 589 LEUC:
470 537 700 587 Utinam!
720 539 771 584 in
785 535 877 585 hac
902 536 1127 600 Physica,
1142 538 1188 586 se
1200 536 1359 603 magis
1379 539 1706 607 philosophos
1718 557 1829 608 pro-

80 605 252 652 barent
278 599 568 664 Philosophi
600 633 612 651 ‚
650 598 924 662 meliusque
947 599 1328 662 pulchritudinis
1349 603 1487 652 fiuxae
1511 607 1835 668 agnoscerent

77 667 350 717 vanitatem
372 666 381 711 Ε
417 665 572 710 MEL:
589 663 793 711 Utinam
809 663 1126 712 detraherent
1143 665 1303 713 fronti
1324 666 1526 715 inanem
1545 670 1834 722 cuticulam,

75 725 171 794 pro
195 729 204 775 Ε
241 725 394 789 quam
419 725 652 773 deforme
675 722 810 773 illico
835 722 1240 790 obstupescerent
1276 728 1533 778 scheleton
1553 763 1564 784 ‚
1609 734 1836 779 immane

76 786 387 840 monstrum!
413 788 599 836 caduca
621 819 634 841 ,
653 803 771 835 reor
786 821 798 838 ,
819 787 882 836 sic
902 790 1048 837 illicia
1068 790 1115 854 sp
1125 804 1357 840 eruerent
1376 825 1388 846 ‚
1404 796 1453 843 ὃ(
1478 794 1689 843 meliore
1700 809 1835 842 cam-

77 854 167 902 bio
204 868 299 916 pro
338 848 552 916 peritura
592 883 604 904 ‚
664 850 1092 919 pulchritudinem
1150 869 1428 917 quaererent
1466 857 1835 906 Immortalem.

74 917 215 984 Qid
233 917 367 962 enim
389 914 494 962 haec
517 914 848 963 marceliibilis
870 948 883 967 ‚
920 914 981 963 ad
1012 916 1468 967 immarcessibilem
1488 921 1625 968 illam
1640 953 1653 974 ‚
1678 935 1835 982 quam

0 1018 7 1039 ‚
72 973 311 1028 revelabit
333 977 598 1039 quondam
620 979 671 1024 iu
700 993 917 1041 corpore
948 980 1125 1028 Gloria
1146 982 1366 1031 ?Umbra
1388 979 1456 1030 cst
1480 1001 1492 1034 3
1528 983 1609 1030 sed
1631 982 1752 1044 quid
1766 983 1835 1029 di-

73 1057 139 1090 co
160 1041 366 1089 umbra?
384 1042 569 1088 vanitas
588 1073 601 1094 ‚
623 1040 755 1106 lepra
775 1073 788 1092 ‚
808 1040 1101 1090 deformitas
1125 1040 1209 1091 est.
1247 1046 1384 1093 Cum
1398 1045 1581 1110 Apelle
1603 1048 1655 1093 in
1671 1060 1833 1094 unum

77 1104 296 1167 edtypon
317 1117 536 1165 congere
556 1135 569 1155 ,
605 1104 847 1163 quidquid
878 1104 1073 1152 decoris
1091 1108 1142 1153 in
1160 1107 1249 1154 suis
1268 1108 1472 1156 Helenis
1487 1110 1702 1162 Graecia,
1721 1105 1832 1157 imo

15 1198 19 1222 ‹.
72 1166 319 1231 quidquid
342 1161 607 1215 venustatis
627 1167 679 1212 in
701 1164 791 1212 suis
815 1165 1026 1222 Amafijs
1048 1166 1284 1215 hathnus
1305 1167 1560 1233 obstupuit
1578 1171 1831 1218 Mundus:

73 1231 137 1278 ab
167 1227 369 1300 Aspasia
394 1243 604 1276 aureum
628 1228 862 1290 capillum
888 1260 900 1282 ‚
937 1229 1013 1277 vel
1039 1229 1101 1277 ab
1123 1229 1268 1278 Albo
1292 1230 1356 1279 sic
1386 1246 1649 1295 argenteos
1678 1245 1831 1280 trans-

15 1293 19 1303 ’
73 1293 148 1342 fer
166 1294 427 1340 cincinnos
451 1324 463 1344 ‚
500 1303 555 1338 ut
578 1290 697 1338 nihil
719 1289 837 1353 fingi
860 1289 1006 1352 pollit
1027 1295 1349 1342 concinnius:
1372 1295 1433 1342 ab
1451 1293 1686 1358 Augusto
1708 1311 1830 1344 ocu-

16 1351 19 1396 ἷ
74 1356 152 1404 los
177 1366 351 1402 mutua
376 1386 388 1407 ‚
425 1350 453 1401 ὲ
477 1353 656 1415 quibus
685 1386 697 1406 ‚
734 1354 883 1399 velun·
906 1356 1114 1413 gemino
1141 1353 1294 1402 fidere
1314 1389 1327 1408 ,
1365 1359 1581 1403 emicent
1603 1358 1830 1406 blandio-

16 1418 20 1472 ξ
75 1434 150 1467 res
168 1416 298 1473 juxta
321 1429 470 1478 atque
500 1416 722 1480 puriores
746 1415 1013 1463 illecebras:
1037 1414 1551 1470 xaSabino,lksiaitimini
1573 1419 1704 1472 filio,
1722 1421 1824 1467 sua-

18 1517 19 1520 ,
72 1479 266 1531 viffirna
284 1479 421 1528 sume
440 1480 694 1528 labiorum
723 1478 924 1528 corallia
948 1493 959 1524 :
997 1478 1236 1528 Zenobiae
1265 1480 1436 1529 dentes
1450 1481 1720 1545 deprome,
1742 1484 1829 1541 qui

17 1541 20 1592 j
75 1544 350 1592 eburneam
369 1541 910 1606 conchylen,totidcm
930 1544 1202 1606 margaritis
1222 1543 1428 1592 ditatam
1443 1547 1685 1594 referant:
1724 1547 1827 1594 Hc-

11 1615 21 1657 -ἷ
73 1601 344 1672 phestionis
368 1606 532 1654 vultus
565 1605 779 1653 efforma
803 1638 815 1659 ‚
852 1604 1109 1662 Maiestate
1140 1609 1273 1670 regia
1308 1608 1557 1659 celebres,
1596 1624 1695 1671 qua
1718 1624 1829 1656 non

16 1680 22 1719 ,’
75 1669 305 1730 adaeqnet
322 1666 517 1721 modo,
551 1667 634 1715 scd
662 1670 812 1716 etiam
836 1668 1027 1733 superet
1053 1670 1372 1720 Alexandros
1401 1690 1411 1719 :
1449 1673 1662 1722 Narcissi
1685 1671 1828 1719 ebur-

17 1734 20 1789 Ῐ
73 1745 223 1780 neam
245 1730 487 1778 adumbra
516 1730 743 1779 frontem
775 1763 788 1785 ‚
823 1733 875 1779 in
902 1747 1000 1793 qua
1021 1729 1149 1781 casta
1179 1736 1390 1783 natitent
1414 1735 1513 1783 lilia
1539 1753 1548 1781 ε
1585 1736 1721 1798 genis
1744 1734 1828 1781 ad-

17 1803 21 1842 ἶ
73 1795 136 1843 de
159 1793 288 1841 rosas
311 1793 565 1842 Adonidis
591 1812 600 1841 :
637 1796 689 1842 in
712 1791 1050 1843 venustissimo
1084 1812 1174 1844 ore
1198 1830 1211 1851 ,
1249 1799 1385 1847 velut
1416 1800 1466 1847 in
1491 1798 1720 1861 Cynthiae
1751 1799 1827 1845 so-

12 1867 22 1913 ·;
72 1859 145 1907 lio
166 1889 178 1910 ‚
213 1856 374 1904 sedeat
394 1854 618 1907 venustas
641 1874 654 1909 5
690 1857 869 1905 ridenti
889 1858 1134 1908 arrideant
1152 1875 1357 1909 veneres
1379 1893 1392 1915 2
1428 1861 1689 1910 colludant
1708 1873 1825 1909 toto

18 1918 22 1933 ¹
73 1922 125 1969 in
149 1919 290 1968 vultu
311 1922 470 1982 gratiae
499 1938 509 1967 ε
546 1923 597 1968 in
626 1920 800 1969 habitu
828 1923 1046 1969 emineat
1072 1922 1278 1986 dignitas
1303 1957 1317 1977 ,
1352 1921 1575 1986 totoque
1606 1938 1825 1989 corpore

17 2011 20 2021 ι
74 1981 275 2031 diffusus
317 1981 587 2032 efflorescat
619 1985 799 2033 color:
836 1985 1041 2033 accedat
1070 1986 1351 2051 Cleopatrae
1390 1987 1534 2036 suada
1562 2024 1575 2039 ,
1613 1986 1824 2050 tamque

70 2046 290 2106 urbanus
319 2047 371 2092 in
407 2059 538 2093 Voce
569 2047 708 2110 lepos
731 2080 744 2101 ,
779 2060 835 2096 ut
859 2051 1009 2096 ctiam
1031 2048 1241 2097 Caesares
1271 2050 1495 2098 vulneret
1535 2055 1583 2100 ὃς
1606 2052 1824 2114 Pompe-

10 2110 24 2171 ’ξ
72 2110 148 2167 jos
182 2127 192 2157 :
227 2120 334 2157 tota
362 2107 580 2169 denique
613 2111 859 2172 Corporis
898 2112 1184 2175 symmetria
1223 2113 1426 2161 accedat
1457 2127 1562 2162 tam
1592 2114 1820 2177 elegans,

9 2188 22 2233 2,
74 2185 145 2226 ut,
167 2171 310 2234 quod
325 2172 386 2218 de
401 2170 561 2218 Albio
584 2172 791 2220 Tibullo
806 2207 819 2227 ‚
856 2172 1077 2230 majestas
1100 2178 1147 2225 &
1170 2191 1317 2224 amor
1337 2177 1464 2224 bene
1487 2179 1822 2228 conveniant,

70 2237 198 2285 &in
219 2249 316 2283 una
335 2233 445 2281 sede
465 2246 730 2283 morentur
758 2252 772 2287 5
807 2239 857 2287 ὃ(
896 2238 1017 2300 quid
1048 2238 1387 2288 emendicatus
1436 2240 1515 2289 hic
1546 2240 1725 2289 formae
1749 2240 1823 2287 fu-

71 2313 160 2348 cus
182 2331 197 2351 ‚
231 2297 295 2345 ad
311 2297 455 2344 illum
476 2297 793 2360 splendorem
809 2332 822 2353 ‚
845 2314 1001 2362 quem
1025 2301 1161 2350 dabit
1181 2303 1397 2366 gloriosa
1419 2304 1683 2366 quondam
1709 2318 1821 2349 ana-

73 2359 200 2411 stasis
224 2362 243 2408 ἒ
278 2360 376 2408 dixi
405 2377 415 2407 :
453 2361 644 2411 Umbra
673 2358 770 2414 est,
805 2374 952 2425 atque
975 2364 1283 2414 deformitas.
1332 2368 1390 2415 In
1412 2367 1666 2433 lippientes
1682 2367 1819 2416 Lias,

72 2423 321 2475 tuffientes
343 2423 558 2476 vetulas,
593 2425 645 2471 in
668 2421 935 2476 bustuarias
953 2428 1109 2478 larvas
1144 2428 1329 2478 abeunt
1350 2431 1555 2479 Helenae
1585 2463 1599 2483 2
1634 2428 1667 2476 fi
1703 2427 1820 2475 huic

20 2502 24 2555 ἶ
75 2489 247 2537 decori
269 2488 378 2549 quis
405 2499 683 2550 comparet.
784 2490 846 2537 Et
870 2501 1040 2538 tamen
1055 2489 1081 2547 .<
1099 2489 1191 2555 pro
1207 2492 1480 2542 hominum
1499 2494 1682 2541 sortem
1706 2505 1823 2552 prax-

0 2563 24 2596 ι,

64 2548 401 2617 ·postetam!)
435 2552 487 2609 ὃς
504 2562 678 2607 tamen
706 2566 934 2607 amamus
953 2554 1164 2676 Azsopos
1188 2588 1203 2613 2
1230 2554 1353 2608 cum
1379 2557 1633 2623 aspicimus
1663 2554 1828 2668 {argri-
