2175 2911
778 148 922 197 Momi
947 146 1156 201 fenestra.
1683 163 1767 211 191

98 239 364 305 -spongiosa
382 244 434 292 ’ὅτ
451 238 622 290 crafl‘23
658 238 780 285 cutis
799 236 1036 287 contactu
1055 238 1223 286 mollis
1245 240 1295 289 ὁ(
1308 239 1480 305 frigida
1495 259 1508 296 3
1526 240 1705 294 statura
1727 243 1833 296 bre-

102 306 242 358 vior,
260 321 379 353 nam
401 300 656 367 pinguedo
682 315 791 348 non
808 299 896 348 nifi
914 300 1049 348 solos
1071 301 1272 349 dilatare
1291 302 1414 352 solet
1436 307 1718 356 abdominis
1740 320 1830 357 ter-

97 369 295 416 minos:
340 366 525 417 verbo,
558 364 732 411 omnia
763 376 911 411 motu
942 365 1088 412 tardo
1120 364 1301 427 frigent
1324 398 1337 417 ‚
1370 372 1542 417 omnia
1572 372 1826 434 languent.

99 430 162 478 Et
188 430 308 493 quid
332 444 390 477 ex
420 425 845 491 phyliognomico
873 427 1072 490 tripode
1097 426 1212 475 huic
1239 428 1485 492 praesagies
1509 433 1720 496 Augur?
1763 434 1831 482 di-

98 507 178 540 ces
198 494 373 555 glirem
398 487 490 537 effc
505 522 521 541 ‚
544 489 823 552 proclivem
847 489 909 536 ad
932 490 1170 537 somnum
1185 523 1198 542 ‚
1226 489 1493 554 saepiusque
1513 494 1668 549 jacere
1690 499 1742 544 in
1766 498 1833 544 le·-

98 554 186 603 &to
208 553 452 607 Crassum,
475 554 629 614 quam
654 553 704 598 in
723 551 917 600 Musaeo
938 552 1103 599 sedere
1121 554 1402 616 Sulpitium.
1483 557 1612 605 Illius
1638 560 1831 608 somnia

97 617 271 666 afferes
286 651 298 670 ,
321 633 429 664 non
450 615 536 663 nili
564 614 771 676 liquidas
793 614 1254 678 Metamorphoses:
1301 631 1441 665 nunc
1465 620 1590 666 inter
1615 622 1830 678 Naiades

93 681 309 732 natabit,
328 677 661 739 Belidumque
683 676 910 740 implebit
932 677 1087 726 dolia:
1123 681 1328 726 nuncin
1357 681 1602 742 pellucida
1625 684 1831 748 lympha

94 742 141 790 se
173 740 387 806 stupebit
408 740 704 791 Narcifl'um‚
724 754 859 787 nunc
879 755 998 788 cum
1027 742 1224 789 Oesaco
1243 754 1462 791 vertetur
1487 746 1539 791 in
1571 761 1828 810 mergum:

90 804 261 854 modo
293 807 344 853 in
374 803 580 852 lacubus
610 814 796 863 quaeret
819 817 961 873 ranas
982 804 1219 851 Latonias
1244 837 1259 858 ‚
1287 806 1338 853 in
1367 802 1543 868 stagnis
1574 807 1832 871 piscabitur

92 867 337 915 Dercetes
356 870 406 916 «Sc
429 865 640 914 Naides:
677 863 844 912 modo
871 880 994 921 ‚cum
1022 866 1233 929 Byblide
1262 869 1313 915 in
1343 868 1571 920 fontem,
1603 872 1682 918 vel
1714 887 1835 919 cum

87 931 264 993 Egeria
288 930 335 977 se
357 927 549 977 versum
572 926 839 974 somniabis
858 928 910 974 in
927 926 1166 977 fluvium:
1201 945 1338 978 nunc
1359 947 1477 979 cum
1490 932 1653 995 Ulyss'e
1683 936 1831 997 patie-

86 1004 170 1040 tur
190 990 473 1053 naufragia,
494 1005 631 1038 nunc
650 1004 738 1052 per
763 1002 966 1038 montes
994 993 1288 1055 congelatos
1313 994 1604 1049 luetabitun
1630 995 1833 1043 clausas-

89 1070 190 1117 que
218 1055 413 1102 nivibus
446 1068 590 1116 rupes
608 1085 620 1103 ‚
649 1049 983 1115 suppostaque
1002 1055 1159 1104 Coelo
1178 1056 1309 1111 saxa,
1337 1053 1615 1120 niveosque
1644 1059 1829 1122 globos

89 1133 210 1166 cum
250 1117 500 1179 Pompeio
537 1115 711 1163 volvet
730 1147 745 1168 ‚
775 1127 925 1177 atque
965 1119 1210 1165 revolvet.
1311 1121 1462 1168 Dices
1510 1121 1831 1183 frequentem

83 1182 137 1227 in
164 1180 291 1227 illius
333 1193 422 1227 ore
447 1177 648 1226 salivam
685 1177 755 1225 ob
785 1176 980 1226 humidi
1017 1182 1246 1242 copiam:
1299 1197 1463 1229 raram
1488 1182 1616 1229 fitim
1655 1183 1724 1230 ob
1749 1200 1828 1232 ca-

82 1243 202 1291 loris
234 1243 485 1305 inopiam:
540 1240 802 1289 modicam
835 1240 1027 1288 famem
1058 1243 1129 1289 ob
1160 1243 1286 1290 acidi
1318 1243 1604 1291 defectum:
1650 1248 1826 1292 orexin

83 1304 257 1353 afferes
296 1318 514 1368 pronam
548 1303 611 1350 ad
642 1302 825 1350 fruetus
848 1335 862 1355 ‚
891 1306 941 1352 ὃς
972 1303 1006 1351 fi
1026 1319 1135 1366 quae
1168 1305 1278 1353 sunt
1310 1307 1401 1354 alia
1431 1307 1617 1368 liquida
1651 1306 1822 1362 fimuI²

82 1365 361 1431 frigidaque
374 1367 621 1414 Pomonae
641 1376 939 1426 tragemata.-
989 1367 1350 1416 Valetudinem
1368 1369 1568 1432 negabis
1587 1370 1652 1416 illi
1670 1370 1821 1419 robu-
1854 1381 1895 1429 C,
1917 1393 1994 1427 22,

84 1427 228 1483 stam,
250 1430 424 1485 sensus,
445 1424 471 1476 ὲ
487 1428 667 1476 Galeni
686 1429 889 1490 placitis,
903 1427 1032 1475 dices
1051 1429 1117 1475 illi
1141 1427 1348 1478 minime
1369 1444 1590 1494 vegetos,
1612 1432 1681 1480 ob
1701 1449 1822 1481 con-
1851 1447 1958 1491 Art,

81 1489 375 1542 coctionem
394 1490 647 1538 infirmam
663 1523 674 1543 ‚
699 1488 942 1551 hujusque
977 1489 1314 1554 pedissequam
1343 1494 1614 1541 nauseantis
1639 1491 1822 1544 stoma·
1852 1506 1975 1556 Med,

84 1555 166 1604 chi
188 1556 494 1603 anorexiam.
596 1553 884 1607 Subiectum
903 1556 1247 1615 pronuntiabis
1264 1555 1548 1618 perniciolis
1571 1557 1818 1610 cat-arrhis,

79 1614 328 1679 maloque
359 1615 661 1680 hydropisis,
689 1631 798 1677 quae
820 1615 1002 1679 frigido
1040 1615 1256 1664 nimium
1291 1617 1456 1674 jecore
1473 1651 1484 1672 ‚
1510 1619 1745 1667 alimenta
1768 1622 1820 1668 in

81 1681 395 1729 fiatulentam
426 1681 602 1740 coquit
623 1679 881 1741 pituitam:
916 1693 1011 1726 nec
1034 1678 1060 1727 a
1081 1679 1272 1743 spalino
1302 1682 1421 1729 velis
1449 1681 1542 1729 ess'e
1572 1682 1818 1737 securum,

79 1745 167 1806 qui
203 1740 459 1805 glutinosls
490 1740 789 1790 humoribus
821 1742 1025 1805 impleta
1051 1742 1174 1790 solet
1204 1739 1507 1797 distendere,
1533 1747 1582 1794 ὅ(
1611 1742 1819 1794 distenta

79 1805 402 1856 convellere3
432 1803 518 1852 nifi
550 1803 795 1868 spasmum
827 1818 1085 1867 praevertat
1122 1808 1379 1870 apoplexia
1400 1841 1415 1861 ,
1443 1808 1504 1855 de
1540 1822 1665 1868 qua,
1686 1807 1818 1864 juxta

76 1865 391 1933 aphorismos
432 1867 702 1916 Galenicos
723 1900 736 1920 ‚
768 1866 956 1915 habent
980 1867 1299 1932 phlegmatici
1325 1904 1336 1923 ‚
1373 1870 1517 1932 quod
1547 1870 1633 1918 fibi
1664 1873 1818 1918 maxi-

79 1929 166 1980 me
190 1929 485 1978 formident.
581 1932 789 1984 Mores,
811 1930 955 1992 quod
987 1933 1161 1979 attinet
1183 1965 1195 1985 ‚
1225 1930 1473 1980 testaberis
1497 1933 1589 1980 effe
1621 1930 1818 1982 testudi-

75 2009 198 2042 nem
214 1991 478 2045 tardam,&
495 1993 775 2055 torpidam3
810 2009 928 2041 nam
947 1993 1108 2042 solent
1129 1994 1221 2042 effe
1248 1995 1565 2059 phlegmatici
1592 1998 1642 2044 in
1667 1997 1818 2045 actio-

76 2058 222 2106 nibus
243 2056 396 2118 pigri,
415 2056 468 2101 in
488 2055 712 2104 motibus
732 2057 983 2119 languidi,
1010 2070 1064 2105 ut
1085 2057 1286 2105 limaces
1315 2059 1407 2106 effe
1433 2060 1687 2122 intelligas,
1701 2075 1811 2122 quae

73 2122 128 2168 in
147 2120 235 2167 suo
260 2118 543 2181 phlegmate
559 2117 728 2181 sopiti,
749 2119 898 2167 succo
923 2122 1126 2168 Naturae
1148 2122 1354 2168 nutritio
1376 2125 1600 2170 contenti
1625 2124 1809 2172 vivant.

76 2184 209 2232 Hinc
243 2179 490 2237 ejusmodi
519 2178 718 2227 homi-ni
748 2184 1027 2229 naturalem
1060 2184 1195 2231 dices
1226 2182 1319 2231 effe
1356 2182 1683 2239 modestiam,
1707 2186 1808 2235 fine

75 2244 318 2294 violentia
343 2244 432 2289 erit
453 2244 646 2304 quietus
660 2275 672 2295 ,
694 2241 794 2291 line
811 2246 989 2292 virtute
1007 2259 1229 2308 pacatus:
1267 2261 1562 2295 contemnet
1584 2248 1808 2298 honores

75 2308 177 2357 fine
203 2305 389 2354 invidia
415 2337 430 2358 ‚
463 2306 656 2361 injurias
685 2306 878 2369 spernet
906 2306 1006 2354 line
1037 2309 1275 2357 vindiCta:
1313 2307 1527 2360 destruet
1555 2311 1701 2366 nihil,
1726 2313 1811 2361 sed

76 2375 128 2421 ὅ(
151 2369 274 2418 nihil
292 2367 563 2419 aedificabit,
589 2370 704 2436 quia
726 2382 989 2430 nunquam
1006 2371 1255 2428 Daedalus,
1277 2375 1361 2435 qui
1382 2375 1445 2422 ad
1462 2376 1559 2423 alta
1581 2376 1802 2440 assurgat,

75 2447 131 2482 ut
149 2434 346 2481 ruinam
367 2433 542 2479 timere
559 2433 730 2494 pollit,
753 2433 988 2496 casusque
1014 2435 1214 2483 Icarios.
1298 2436 1581 2501 Nunquam
1607 2440 1801 2488 notabis

75 2497 373 2560 praecipitem
387 2511 403 2542 z
418 2509 514 2543 nec
535 2509 756 2557 pronum
778 2496 841 2543 ad
859 2498 1144 2550 irasffneead
1164 2515 1363 2549 amores
1384 2502 1687 2556 proclivem:
1710 2503 1800 2548 vir-

79 2561 172 2610 tuti
201 2558 416 2612 heroica:
461 2557 699 2611 adscribet
719 2589 737 2615 ‚
771 2557 801 2610 fl
836 2561 985 2614 etiam
1014 2560 1252 2615 lacessitus
1275 2597 1293 2622 2
1325 2559 1622 2632 respondere
1655 2562 1801 2627 poflit

1607 2641 1737 2684 „cum
