<?xml version="1.0" encoding="UTF-8"?>
<!DOCTYPE html PUBLIC "-//W3C//DTD XHTML 1.0 Transitional//EN"
    "http://www.w3.org/TR/xhtml1/DTD/xhtml1-transitional.dtd">
<html xmlns="http://www.w3.org/1999/xhtml" xml:lang="en" lang="en">
 <head>
  <title>
</title>
<meta http-equiv="Content-Type" content="text/html;charset=utf-8" />
  <meta name='ocr-system' content='tesseract 3.04.00' />
  <meta name='ocr-capabilities' content='ocr_page ocr_carea ocr_par ocr_line ocrx_word'/>
</head>
<body>
  <div class='ocr_page' id='page_1' title='image "./nostritemporisph00schw/nostritemporisph00schw_0466.png"; bbox 0 0 2175 2911; ppageno 0'>
   <div class='ocr_carea' id='block_1_1' title="bbox 96 2236 309 2397">
    <p class='ocr_par' dir='ltr' id='par_1_1' title="bbox 96 2236 309 2397">
     <span class='ocr_line' id='line_1_1' title="bbox 96 2236 309 2326; baseline -0.023 -1"><span class='ocrx_word' id='word_1_1' title='bbox 96 2236 163 2326; x_wconf 53' lang='grc' dir='ltr'>ἱΡ.</span> <span class='ocrx_word' id='word_1_2' title='bbox 181 2277 309 2322; x_wconf 74' lang='lat' dir='ltr'>Barrz</span> 
     </span>
     <span class='ocr_line' id='line_1_2' title="bbox 108 2340 299 2397; baseline -0.016 -9"><span class='ocrx_word' id='word_1_3' title='bbox 108 2342 152 2388; x_wconf 78' lang='lat' dir='ltr'>in</span> <span class='ocrx_word' id='word_1_4' title='bbox 164 2340 299 2397; x_wconf 73' lang='lat' dir='ltr'>Hagi.</span> 
     </span>
    </p>
   </div>
   <div class='ocr_carea' id='block_1_2' title="bbox 407 113 1413 183">
    <p class='ocr_par' dir='ltr' id='par_1_2' title="bbox 407 113 1413 183">
     <span class='ocr_line' id='line_1_3' title="bbox 407 113 1413 183; baseline -0.002 -17"><span class='ocrx_word' id='word_1_5' title='bbox 407 138 495 183; x_wconf 83' lang='lat'>174</span> <span class='ocrx_word' id='word_1_6' title='bbox 1011 115 1206 166; x_wconf 73' lang='lat' dir='ltr'>Ariadne</span> <span class='ocrx_word' id='word_1_7' title='bbox 1227 113 1413 180; x_wconf 71' lang='lat' dir='ltr'>Physica.</span> 
     </span>
    </p>
   </div>
   <div class='ocr_carea' id='block_1_3' title="bbox 327 205 2175 2730">
    <p class='ocr_par' dir='ltr' id='par_1_3' title="bbox 327 205 2091 854">
     <span class='ocr_line' id='line_1_4' title="bbox 330 205 2078 283; baseline -0.002 -18"><span class='ocrx_word' id='word_1_8' title='bbox 330 215 450 283; x_wconf 83' lang='lat' dir='ltr'>ipsas</span> <span class='ocrx_word' id='word_1_9' title='bbox 483 212 637 261; x_wconf 88' lang='lat' dir='ltr'>etiam</span> <span class='ocrx_word' id='word_1_10' title='bbox 665 205 905 259; x_wconf 80' lang='lat' dir='ltr'>fossilium</span> <span class='ocrx_word' id='word_1_11' title='bbox 936 206 1114 274; x_wconf 86' lang='lat' dir='ltr'>species</span> <span class='ocrx_word' id='word_1_12' title='bbox 1147 211 1418 260; x_wconf 85' lang='lat' dir='ltr'>divinabis:</span> <span class='ocrx_word' id='word_1_13' title='bbox 1455 220 1574 257; x_wconf 87' lang='lat' dir='ltr'>nam</span> <span class='ocrx_word' id='word_1_14' title='bbox 1594 205 1744 258; x_wconf 92' lang='lat' dir='ltr'>color</span> <span class='ocrx_word' id='word_1_15' title='bbox 1764 206 1929 258; x_wconf 84' lang='lat' dir='ltr'>viridis</span> <span class='ocrx_word' id='word_1_16' title='bbox 1949 209 2078 261; x_wconf 87' lang='lat' dir='ltr'>affla-</span> 
     </span>
     <span class='ocr_line' id='line_1_5' title="bbox 328 271 2080 338; baseline -0.002 -11"><span class='ocrx_word' id='word_1_17' title='bbox 328 294 409 330; x_wconf 88' lang='lat' dir='ltr'>tur</span> <span class='ocrx_word' id='word_1_18' title='bbox 435 278 497 327; x_wconf 87' lang='lat' dir='ltr'>ab</span> <span class='ocrx_word' id='word_1_19' title='bbox 515 291 609 324; x_wconf 86' lang='lat' dir='ltr'>aere</span> <span class='ocrx_word' id='word_1_20' title='bbox 622 307 636 329; x_wconf 93' lang='lat'>,</span> <span class='ocrx_word' id='word_1_21' title='bbox 657 286 762 323; x_wconf 90' lang='lat' dir='ltr'>ater</span> <span class='ocrx_word' id='word_1_22' title='bbox 781 274 843 323; x_wconf 86' lang='lat' dir='ltr'>ab</span> <span class='ocrx_word' id='word_1_23' title='bbox 861 286 1087 336; x_wconf 82' lang='lat' dir='ltr'>argento,</span> <span class='ocrx_word' id='word_1_24' title='bbox 1105 277 1154 325; x_wconf 72' lang='grc' dir='ltr'>ὃς</span> <span class='ocrx_word' id='word_1_25' title='bbox 1181 290 1322 328; x_wconf 89' lang='lat' dir='ltr'>auro,</span> <span class='ocrx_word' id='word_1_26' title='bbox 1345 287 1619 338; x_wconf 85' lang='lat' dir='ltr'>purpureus</span> <span class='ocrx_word' id='word_1_27' title='bbox 1639 271 1664 321; x_wconf 76' lang='grc' dir='ltr'>ὲ</span> <span class='ocrx_word' id='word_1_28' title='bbox 1689 275 1846 337; x_wconf 86' lang='lat' dir='ltr'>pyrite</span> <span class='ocrx_word' id='word_1_29' title='bbox 1859 305 1872 326; x_wconf 97' lang='lat'>,</span> <span class='ocrx_word' id='word_1_30' title='bbox 1893 273 2080 323; x_wconf 88' lang='lat' dir='ltr'>luridus</span> 
     </span>
     <span class='ocr_line' id='line_1_6' title="bbox 327 336 2082 402; baseline -0.004 -9"><span class='ocrx_word' id='word_1_31' title='bbox 327 343 357 393; x_wconf 74' lang='grc' dir='ltr'>ὲ</span> <span class='ocrx_word' id='word_1_32' title='bbox 378 340 661 392; x_wconf 88' lang='lat' dir='ltr'>calchanto,</span> <span class='ocrx_word' id='word_1_33' title='bbox 682 341 906 387; x_wconf 90' lang='lat' dir='ltr'>cinereus</span> <span class='ocrx_word' id='word_1_34' title='bbox 932 338 958 386; x_wconf 79' lang='lat' dir='ltr'>a</span> <span class='ocrx_word' id='word_1_35' title='bbox 978 337 1223 402; x_wconf 85' lang='lat' dir='ltr'>sulphure,</span> <span class='ocrx_word' id='word_1_36' title='bbox 1245 350 1298 386; x_wconf 88' lang='lat' dir='ltr'>ut</span> <span class='ocrx_word' id='word_1_37' title='bbox 1320 352 1428 384; x_wconf 90' lang='lat' dir='ltr'>non</span> <span class='ocrx_word' id='word_1_38' title='bbox 1451 338 1661 385; x_wconf 88' lang='lat' dir='ltr'>inaniter</span> <span class='ocrx_word' id='word_1_39' title='bbox 1684 336 1929 390; x_wconf 84' lang='lat' dir='ltr'>observat,</span> <span class='ocrx_word' id='word_1_40' title='bbox 1953 339 2082 386; x_wconf 90' lang='lat' dir='ltr'>inter</span> 
     </span>
     <span class='ocr_line' id='line_1_7' title="bbox 328 396 2082 467; baseline -0.005 -10"><span class='ocrx_word' id='word_1_41' title='bbox 328 403 727 467; x_wconf 81' lang='lat' dir='ltr'>Metalloscopos</span> <span class='ocrx_word' id='word_1_42' title='bbox 748 396 891 450; x_wconf 81' lang='lat' dir='ltr'>facile</span> <span class='ocrx_word' id='word_1_43' title='bbox 916 402 1125 453; x_wconf 81' lang='lat' dir='ltr'>Primas,</span> <span class='ocrx_word' id='word_1_44' title='bbox 1162 401 1447 451; x_wconf 72' lang='lat' dir='ltr'>Kirclierus.</span> <span class='ocrx_word' id='word_1_45' title='bbox 1533 402 1646 449; x_wconf 92' lang='lat' dir='ltr'>Nec</span> <span class='ocrx_word' id='word_1_46' title='bbox 1667 412 1869 448; x_wconf 87' lang='lat' dir='ltr'>montes</span> <span class='ocrx_word' id='word_1_47' title='bbox 1898 399 1987 449; x_wconf 91' lang='lat' dir='ltr'>suis</span> <span class='ocrx_word' id='word_1_48' title='bbox 2007 416 2082 450; x_wconf 83' lang='lat' dir='ltr'>ca-</span> 
     </span>
     <span class='ocr_line' id='line_1_8' title="bbox 328 463 2086 529; baseline -0.004 -9"><span class='ocrx_word' id='word_1_49' title='bbox 328 485 440 520; x_wconf 89' lang='lat' dir='ltr'>rent</span> <span class='ocrx_word' id='word_1_50' title='bbox 459 466 646 522; x_wconf 74' lang='lat' dir='ltr'>indiciis</span> <span class='ocrx_word' id='word_1_51' title='bbox 664 481 807 513; x_wconf 87' lang='lat' dir='ltr'>:nam</span> <span class='ocrx_word' id='word_1_52' title='bbox 829 479 1054 529; x_wconf 83' lang='lat' dir='ltr'>vapores,</span> <span class='ocrx_word' id='word_1_53' title='bbox 1069 468 1151 528; x_wconf 88' lang='lat' dir='ltr'>qui</span> <span class='ocrx_word' id='word_1_54' title='bbox 1175 465 1443 514; x_wconf 82' lang='lat' dir='ltr'>ascendunt</span> <span class='ocrx_word' id='word_1_55' title='bbox 1462 464 1623 512; x_wconf 87' lang='lat' dir='ltr'>versus</span> <span class='ocrx_word' id='word_1_56' title='bbox 1642 463 1930 518; x_wconf 83' lang='lat' dir='ltr'>meridiem,</span> <span class='ocrx_word' id='word_1_57' title='bbox 1953 465 2086 528; x_wconf 80' lang='lat' dir='ltr'>plan-</span> 
     </span>
     <span class='ocr_line' id='line_1_9' title="bbox 330 523 2088 594; baseline -0.007 -11"><span class='ocrx_word' id='word_1_58' title='bbox 330 547 496 583; x_wconf 87' lang='lat' dir='ltr'>tarum</span> <span class='ocrx_word' id='word_1_59' title='bbox 519 533 701 583; x_wconf 77' lang='lat' dir='ltr'>raritas,</span> <span class='ocrx_word' id='word_1_60' title='bbox 719 531 768 581; x_wconf 68' lang='grc' dir='ltr'>ὅς</span> <span class='ocrx_word' id='word_1_61' title='bbox 787 531 839 577; x_wconf 89' lang='lat' dir='ltr'>in</span> <span class='ocrx_word' id='word_1_62' title='bbox 860 528 1093 594; x_wconf 86' lang='lat' dir='ltr'>partibus,</span> <span class='ocrx_word' id='word_1_63' title='bbox 1119 542 1226 578; x_wconf 90' lang='lat' dir='ltr'>utut</span> <span class='ocrx_word' id='word_1_64' title='bbox 1244 530 1448 594; x_wconf 80' lang='lat' dir='ltr'>irriguis,</span> <span class='ocrx_word' id='word_1_65' title='bbox 1469 523 1702 576; x_wconf 86' lang='lat' dir='ltr'>constans</span> <span class='ocrx_word' id='word_1_66' title='bbox 1728 539 1899 575; x_wconf 86' lang='lat' dir='ltr'>tamen</span> <span class='ocrx_word' id='word_1_67' title='bbox 1921 525 2088 577; x_wconf 78' lang='lat' dir='ltr'>sterili.</span> 
     </span>
     <span class='ocr_line' id='line_1_10' title="bbox 332 588 2091 658; baseline -0.004 -12"><span class='ocrx_word' id='word_1_68' title='bbox 332 597 614 651; x_wconf 81' lang='lat' dir='ltr'>tas,halitus</span> <span class='ocrx_word' id='word_1_69' title='bbox 638 593 864 658; x_wconf 84' lang='lat' dir='ltr'>produnt</span> <span class='ocrx_word' id='word_1_70' title='bbox 878 593 1154 642; x_wconf 85' lang='lat' dir='ltr'>metallicos</span> <span class='ocrx_word' id='word_1_71' title='bbox 1169 611 1181 645; x_wconf 80' lang='lat'>3</span> <span class='ocrx_word' id='word_1_72' title='bbox 1197 608 1314 641; x_wconf 88' lang='lat' dir='ltr'>nam</span> <span class='ocrx_word' id='word_1_73' title='bbox 1343 592 1393 640; x_wconf 87' lang='lat' dir='ltr'>hi</span> <span class='ocrx_word' id='word_1_74' title='bbox 1414 589 1724 656; x_wconf 84' lang='lat' dir='ltr'>superficiem</span> <span class='ocrx_word' id='word_1_75' title='bbox 1747 588 1960 638; x_wconf 87' lang='lat' dir='ltr'>sterilem</span> <span class='ocrx_word' id='word_1_76' title='bbox 1981 590 2091 639; x_wconf 91' lang='lat' dir='ltr'>red-</span> 
     </span>
     <span class='ocr_line' id='line_1_11' title="bbox 334 653 2083 721; baseline -0.004 -12"><span class='ocrx_word' id='word_1_77' title='bbox 334 661 478 714; x_wconf 89' lang='lat' dir='ltr'>dunt,</span> <span class='ocrx_word' id='word_1_78' title='bbox 499 671 554 708; x_wconf 89' lang='lat' dir='ltr'>ut</span> <span class='ocrx_word' id='word_1_79' title='bbox 579 659 692 706; x_wconf 81' lang='lat' dir='ltr'>scias</span> <span class='ocrx_word' id='word_1_80' title='bbox 715 659 918 706; x_wconf 85' lang='lat' dir='ltr'>Naturae</span> <span class='ocrx_word' id='word_1_81' title='bbox 939 672 1159 710; x_wconf 86' lang='lat' dir='ltr'>morem,</span> <span class='ocrx_word' id='word_1_82' title='bbox 1182 672 1291 719; x_wconf 80' lang='lat' dir='ltr'>quae</span> <span class='ocrx_word' id='word_1_83' title='bbox 1316 656 1524 721; x_wconf 87' lang='lat' dir='ltr'>pretiosa</span> <span class='ocrx_word' id='word_1_84' title='bbox 1542 667 1710 718; x_wconf 84' lang='lat' dir='ltr'>tegere</span> <span class='ocrx_word' id='word_1_85' title='bbox 1730 653 1853 701; x_wconf 78' lang='lat' dir='ltr'>solet</span> <span class='ocrx_word' id='word_1_86' title='bbox 1876 653 1962 702; x_wconf 90' lang='lat' dir='ltr'>sub</span> <span class='ocrx_word' id='word_1_87' title='bbox 1983 654 2083 703; x_wconf 88' lang='lat' dir='ltr'>vili.</span> 
     </span>
     <span class='ocr_line' id='line_1_12' title="bbox 332 717 2090 799; baseline -0.005 -24"><span class='ocrx_word' id='word_1_88' title='bbox 332 724 477 799; x_wconf 73' lang='lat' dir='ltr'>Nihil</span> <span class='ocrx_word' id='word_1_89' title='bbox 502 722 638 793; x_wconf 79' lang='lat' dir='ltr'>addo</span> <span class='ocrx_word' id='word_1_90' title='bbox 669 721 732 770; x_wconf 90' lang='lat' dir='ltr'>dc</span> <span class='ocrx_word' id='word_1_91' title='bbox 743 720 1020 784; x_wconf 82' lang='lat' dir='ltr'>CoryIacea</span> <span class='ocrx_word' id='word_1_92' title='bbox 1049 722 1263 786; x_wconf 86' lang='lat' dir='ltr'>virgula,</span> <span class='ocrx_word' id='word_1_93' title='bbox 1287 735 1395 784; x_wconf 83' lang='lat' dir='ltr'>quae</span> <span class='ocrx_word' id='word_1_94' title='bbox 1420 719 1483 769; x_wconf 89' lang='lat' dir='ltr'>ad</span> <span class='ocrx_word' id='word_1_95' title='bbox 1513 718 1725 768; x_wconf 87' lang='lat' dir='ltr'>censurae</span> <span class='ocrx_word' id='word_1_96' title='bbox 1744 717 1991 781; x_wconf 87' lang='lat' dir='ltr'>virgulam</span> <span class='ocrx_word' id='word_1_97' title='bbox 2018 718 2090 767; x_wconf 89' lang='lat' dir='ltr'>su-</span> 
     </span>
     <span class='ocr_line' id='line_1_13' title="bbox 333 798 891 854; baseline -0.009 -17"><span class='ocrx_word' id='word_1_98' title='bbox 333 803 497 854; x_wconf 73' lang='lat' dir='ltr'>pet-ms</span> <span class='ocrx_word' id='word_1_99' title='bbox 522 801 620 843; x_wconf 71' lang='lat' dir='ltr'>jam</span> <span class='ocrx_word' id='word_1_100' title='bbox 641 798 891 835; x_wconf 82' lang='lat' dir='ltr'>revocata.</span> 
     </span>
    </p>

    <p class='ocr_par' dir='ltr' id='par_1_4' title="bbox 335 843 2175 2726">
     <span class='ocr_line' id='line_1_14' title="bbox 464 843 2089 900; baseline -0.003 -1"><span class='ocrx_word' id='word_1_101' title='bbox 464 849 661 900; x_wconf 85' lang='lat' dir='ltr'>LEUC:</span> <span class='ocrx_word' id='word_1_102' title='bbox 732 851 982 898; x_wconf 81' lang='lat' dir='ltr'>Naturam</span> <span class='ocrx_word' id='word_1_103' title='bbox 1006 849 1158 899; x_wconf 85' lang='lat' dir='ltr'>video</span> <span class='ocrx_word' id='word_1_104' title='bbox 1187 850 1238 898; x_wconf 93' lang='lat' dir='ltr'>in</span> <span class='ocrx_word' id='word_1_105' title='bbox 1261 848 1472 897; x_wconf 86' lang='lat' dir='ltr'>metallis</span> <span class='ocrx_word' id='word_1_106' title='bbox 1498 845 1781 895; x_wconf 87' lang='lat' dir='ltr'>mirabilem</span> <span class='ocrx_word' id='word_1_107' title='bbox 1806 878 1818 899; x_wconf 93' lang='lat'>‚</span> <span class='ocrx_word' id='word_1_108' title='bbox 1854 846 1906 893; x_wconf 91' lang='lat' dir='ltr'>in</span> <span class='ocrx_word' id='word_1_109' title='bbox 1939 843 2089 894; x_wconf 84' lang='lat' dir='ltr'>succis</span> 
     </span>
     <span class='ocr_line' id='line_1_15' title="bbox 335 908 2091 977; baseline -0.004 -13"><span class='ocrx_word' id='word_1_110' title='bbox 335 927 508 964; x_wconf 85' lang='lat' dir='ltr'>tamen</span> <span class='ocrx_word' id='word_1_111' title='bbox 530 910 754 977; x_wconf 84' lang='lat' dir='ltr'>stupesco</span> <span class='ocrx_word' id='word_1_112' title='bbox 777 913 1158 977; x_wconf 81' lang='lat' dir='ltr'>propemodum</span> <span class='ocrx_word' id='word_1_113' title='bbox 1189 912 1611 975; x_wconf 87' lang='lat' dir='ltr'>thavmaturgam.</span> <span class='ocrx_word' id='word_1_114' title='bbox 1681 908 1822 972; x_wconf 81' lang='lat' dir='ltr'>Qid</span> <span class='ocrx_word' id='word_1_115' title='bbox 1842 921 1895 956; x_wconf 90' lang='lat' dir='ltr'>tu</span> <span class='ocrx_word' id='word_1_116' title='bbox 1911 908 1972 955; x_wconf 90' lang='lat' dir='ltr'>de</span> <span class='ocrx_word' id='word_1_117' title='bbox 1987 909 2091 971; x_wconf 88' lang='lat' dir='ltr'>pul-</span> 
     </span>
     <span class='ocr_line' id='line_1_16' title="bbox 337 975 2094 1041; baseline -0.006 -13"><span class='ocrx_word' id='word_1_118' title='bbox 337 993 457 1029; x_wconf 85' lang='lat' dir='ltr'>vere</span> <span class='ocrx_word' id='word_1_119' title='bbox 478 977 622 1041; x_wconf 87' lang='lat' dir='ltr'>pyrio</span> <span class='ocrx_word' id='word_1_120' title='bbox 643 978 658 1023; x_wconf 71' lang='grc' dir='ltr'><strong>ἒ</strong></span> <span class='ocrx_word' id='word_1_121' title='bbox 726 978 880 1022; x_wconf 86' lang='lat' dir='ltr'><em>MEL:</em></span> <span class='ocrx_word' id='word_1_122' title='bbox 929 977 1071 1024; x_wconf 87' lang='lat' dir='ltr'>Nihil</span> <span class='ocrx_word' id='word_1_123' title='bbox 1088 994 1097 1021; x_wconf 95' lang='lat'><strong>:</strong></span> <span class='ocrx_word' id='word_1_124' title='bbox 1113 991 1232 1023; x_wconf 86' lang='lat' dir='ltr'>narn</span> <span class='ocrx_word' id='word_1_125' title='bbox 1251 977 1419 1022; x_wconf 86' lang='lat' dir='ltr'>multis</span> <span class='ocrx_word' id='word_1_126' title='bbox 1442 975 1569 1021; x_wconf 92' lang='lat' dir='ltr'>nolo</span> <span class='ocrx_word' id='word_1_127' title='bbox 1585 1005 1598 1025; x_wconf 85' lang='lat'>‚</span> <span class='ocrx_word' id='word_1_128' title='bbox 1613 977 1779 1035; x_wconf 88' lang='lat' dir='ltr'>paucis</span> <span class='ocrx_word' id='word_1_129' title='bbox 1795 986 1996 1033; x_wconf 81' lang='lat' dir='ltr'>nequeo</span> <span class='ocrx_word' id='word_1_130' title='bbox 2015 986 2094 1017; x_wconf 82' lang='lat' dir='ltr'>ex-</span> 
     </span>
     <span class='ocr_line' id='line_1_17' title="bbox 338 1030 2093 1106; baseline -0.005 -17"><span class='ocrx_word' id='word_1_131' title='bbox 338 1042 529 1106; x_wconf 84' lang='lat' dir='ltr'>plicare</span> <span class='ocrx_word' id='word_1_132' title='bbox 560 1039 878 1087; x_wconf 85' lang='lat' dir='ltr'>hocNaturae</span> <span class='ocrx_word' id='word_1_133' title='bbox 898 1037 1206 1099; x_wconf 70' lang='lat' dir='ltr'>prodigium.</span> <span class='ocrx_word' id='word_1_134' title='bbox 1274 1035 1404 1083; x_wconf 90' lang='lat' dir='ltr'>Illud</span> <span class='ocrx_word' id='word_1_135' title='bbox 1422 1030 1571 1084; x_wconf 83' lang='lat' dir='ltr'>sc&#39;it03</span> <span class='ocrx_word' id='word_1_136' title='bbox 1596 1035 1697 1088; x_wconf 87' lang='lat' dir='ltr'>cjus</span> <span class='ocrx_word' id='word_1_137' title='bbox 1728 1039 1852 1082; x_wconf 83' lang='lat' dir='ltr'>vires</span> <span class='ocrx_word' id='word_1_138' title='bbox 1877 1032 1911 1079; x_wconf 81' lang='lat' dir='ltr'>si</span> <span class='ocrx_word' id='word_1_139' title='bbox 1938 1031 2093 1080; x_wconf 79' lang='lat' dir='ltr'>sensis-</span> 
     </span>
     <span class='ocr_line' id='line_1_18' title="bbox 336 1093 2096 1162; baseline -0.006 -8"><span class='ocrx_word' id='word_1_140' title='bbox 336 1106 406 1154; x_wconf 86' lang='lat' dir='ltr'>set</span> <span class='ocrx_word' id='word_1_141' title='bbox 419 1103 733 1162; x_wconf 81' lang='lat' dir='ltr'>Antiquitas,</span> <span class='ocrx_word' id='word_1_142' title='bbox 756 1099 920 1161; x_wconf 89' lang='lat' dir='ltr'>Cyclo</span> <span class='ocrx_word' id='word_1_143' title='bbox 960 1113 1045 1144; x_wconf 88' lang='lat' dir='ltr'>um</span> <span class='ocrx_word' id='word_1_144' title='bbox 1075 1098 1265 1145; x_wconf 85' lang='lat' dir='ltr'>malleis</span> <span class='ocrx_word' id='word_1_145' title='bbox 1290 1093 1566 1143; x_wconf 67' lang='lat' dir='ltr'>fabricasset</span> <span class='ocrx_word' id='word_1_146' title='bbox 1595 1109 1698 1143; x_wconf 87' lang='lat' dir='ltr'>aras</span> <span class='ocrx_word' id='word_1_147' title='bbox 1727 1096 1844 1144; x_wconf 86' lang='lat' dir='ltr'>huic</span> <span class='ocrx_word' id='word_1_148' title='bbox 1872 1094 2096 1144; x_wconf 88' lang='lat' dir='ltr'>Phoeno-</span> 
     </span>
     <span class='ocr_line' id='line_1_19' title="bbox 337 1156 2094 1225; baseline -0.006 -9"><span class='ocrx_word' id='word_1_149' title='bbox 337 1182 498 1216; x_wconf 87' lang='lat' dir='ltr'>meno</span> <span class='ocrx_word' id='word_1_150' title='bbox 518 1198 531 1217; x_wconf 89' lang='lat'><em>‚</em></span> <span class='ocrx_word' id='word_1_151' title='bbox 567 1161 830 1225; x_wconf 83' lang='lat' dir='ltr'>ipsumque</span> <span class='ocrx_word' id='word_1_152' title='bbox 840 1161 891 1209; x_wconf 83' lang='lat' dir='ltr'>V</span> <span class='ocrx_word' id='word_1_153' title='bbox 896 1176 926 1207; x_wconf 93' lang='lat' dir='ltr'>u</span> <span class='ocrx_word' id='word_1_154' title='bbox 949 1175 1132 1209; x_wconf 86' lang='lat' dir='ltr'>canum</span> <span class='ocrx_word' id='word_1_155' title='bbox 1157 1159 1218 1207; x_wconf 89' lang='lat' dir='ltr'>de</span> <span class='ocrx_word' id='word_1_156' title='bbox 1236 1159 1394 1208; x_wconf 83' lang='lat' dir='ltr'>Coelo</span> <span class='ocrx_word' id='word_1_157' title='bbox 1408 1156 1579 1207; x_wconf 83' lang='lat' dir='ltr'>denuo</span> <span class='ocrx_word' id='word_1_158' title='bbox 1602 1157 1846 1215; x_wconf 79' lang='lat' dir='ltr'>deiecisset</span> <span class='ocrx_word' id='word_1_159' title='bbox 1864 1190 1876 1211; x_wconf 92' lang='lat'>,</span> <span class='ocrx_word' id='word_1_160' title='bbox 1896 1171 1949 1206; x_wconf 92' lang='lat' dir='ltr'>ut</span> <span class='ocrx_word' id='word_1_161' title='bbox 1966 1158 2094 1206; x_wconf 89' lang='lat' dir='ltr'>illius</span> 
     </span>
     <span class='ocr_line' id='line_1_20' title="bbox 337 1220 2098 1288; baseline -0.005 -10"><span class='ocrx_word' id='word_1_162' title='bbox 337 1227 463 1278; x_wconf 82' lang='lat' dir='ltr'>loco</span> <span class='ocrx_word' id='word_1_163' title='bbox 490 1224 622 1275; x_wconf 85' lang='lat' dir='ltr'>astris</span> <span class='ocrx_word' id='word_1_164' title='bbox 643 1224 874 1272; x_wconf 81' lang='lat' dir='ltr'>insereret</span> <span class='ocrx_word' id='word_1_165' title='bbox 900 1222 1002 1271; x_wconf 90' lang='lat' dir='ltr'>hoc</span> <span class='ocrx_word' id='word_1_166' title='bbox 1023 1220 1325 1272; x_wconf 86' lang='lat' dir='ltr'>monstrum.</span> <span class='ocrx_word' id='word_1_167' title='bbox 1395 1223 1563 1271; x_wconf 83' lang='lat' dir='ltr'>Habet</span> <span class='ocrx_word' id='word_1_168' title='bbox 1589 1221 1669 1270; x_wconf 90' lang='lat' dir='ltr'>hic</span> <span class='ocrx_word' id='word_1_169' title='bbox 1681 1223 1842 1288; x_wconf 88' lang='lat' dir='ltr'>pulvis</span> <span class='ocrx_word' id='word_1_170' title='bbox 1858 1220 1884 1269; x_wconf 75' lang='lat' dir='ltr'>a</span> <span class='ocrx_word' id='word_1_171' title='bbox 1903 1220 2098 1285; x_wconf 82' lang='lat' dir='ltr'>sulphu-</span> 
     </span>
     <span class='ocr_line' id='line_1_21' title="bbox 339 1283 2101 1353; baseline -0.005 -13"><span class='ocrx_word' id='word_1_172' title='bbox 339 1307 394 1341; x_wconf 85' lang='lat' dir='ltr'>re</span> <span class='ocrx_word' id='word_1_173' title='bbox 416 1324 428 1346; x_wconf 93' lang='lat'>,</span> <span class='ocrx_word' id='word_1_174' title='bbox 449 1288 595 1353; x_wconf 89' lang='lat' dir='ltr'>quod</span> <span class='ocrx_word' id='word_1_175' title='bbox 618 1284 763 1336; x_wconf 77' lang='lat' dir='ltr'>facile</span> <span class='ocrx_word' id='word_1_176' title='bbox 784 1286 1126 1337; x_wconf 82' lang='lat' dir='ltr'>inflammetur</span> <span class='ocrx_word' id='word_1_177' title='bbox 1149 1303 1161 1336; x_wconf 80' lang='lat'><em>3</em></span> <span class='ocrx_word' id='word_1_178' title='bbox 1198 1285 1225 1335; x_wconf 74' lang='lat' dir='ltr'>a</span> <span class='ocrx_word' id='word_1_179' title='bbox 1248 1286 1469 1335; x_wconf 79' lang='lat' dir='ltr'>carbone</span> <span class='ocrx_word' id='word_1_180' title='bbox 1493 1319 1507 1341; x_wconf 88' lang='lat'>,</span> <span class='ocrx_word' id='word_1_181' title='bbox 1537 1283 1683 1347; x_wconf 83' lang='lat' dir='ltr'>quod</span> <span class='ocrx_word' id='word_1_182' title='bbox 1701 1285 1728 1335; x_wconf 75' lang='lat' dir='ltr'>a</span> <span class='ocrx_word' id='word_1_183' title='bbox 1746 1286 1866 1334; x_wconf 90' lang='lat' dir='ltr'>flatu</span> <span class='ocrx_word' id='word_1_184' title='bbox 1886 1300 1996 1333; x_wconf 90' lang='lat' dir='ltr'>non</span> <span class='ocrx_word' id='word_1_185' title='bbox 2021 1300 2101 1332; x_wconf 85' lang='lat' dir='ltr'>ex-</span> 
     </span>
     <span class='ocr_line' id='line_1_22' title="bbox 339 1349 2102 1419; baseline -0.004 -15"><span class='ocrx_word' id='word_1_186' title='bbox 339 1359 620 1419; x_wconf 81' lang='lat' dir='ltr'>tinguatur3</span> <span class='ocrx_word' id='word_1_187' title='bbox 645 1351 671 1400; x_wconf 77' lang='grc' dir='ltr'>ὲ</span> <span class='ocrx_word' id='word_1_188' title='bbox 691 1352 824 1399; x_wconf 91' lang='lat' dir='ltr'>nitro</span> <span class='ocrx_word' id='word_1_189' title='bbox 850 1384 862 1404; x_wconf 92' lang='lat'>,</span> <span class='ocrx_word' id='word_1_190' title='bbox 887 1350 1030 1413; x_wconf 88' lang='lat' dir='ltr'>quod</span> <span class='ocrx_word' id='word_1_191' title='bbox 1056 1349 1330 1399; x_wconf 80' lang='lat' dir='ltr'>incredibili</span> <span class='ocrx_word' id='word_1_192' title='bbox 1361 1350 1532 1398; x_wconf 91' lang='lat' dir='ltr'>furore</span> <span class='ocrx_word' id='word_1_193' title='bbox 1552 1350 1903 1398; x_wconf 82' lang='lat' dir='ltr'>tumultuetur.</span> <span class='ocrx_word' id='word_1_194' title='bbox 1985 1349 2102 1404; x_wconf 84' lang='lat' dir='ltr'>Ejus</span> 
     </span>
     <span class='ocr_line' id='line_1_23' title="bbox 339 1409 2101 1477; baseline -0.006 -9"><span class='ocrx_word' id='word_1_195' title='bbox 339 1420 468 1468; x_wconf 83' lang='lat' dir='ltr'>vires</span> <span class='ocrx_word' id='word_1_196' title='bbox 491 1414 622 1465; x_wconf 81' lang='lat' dir='ltr'>adeo</span> <span class='ocrx_word' id='word_1_197' title='bbox 648 1414 757 1463; x_wconf 90' lang='lat' dir='ltr'>sunt</span> <span class='ocrx_word' id='word_1_198' title='bbox 779 1414 1039 1477; x_wconf 83' lang='lat' dir='ltr'>paradoxae</span> <span class='ocrx_word' id='word_1_199' title='bbox 1070 1447 1083 1467; x_wconf 95' lang='lat'>,</span> <span class='ocrx_word' id='word_1_200' title='bbox 1107 1426 1161 1462; x_wconf 90' lang='lat' dir='ltr'>ut</span> <span class='ocrx_word' id='word_1_201' title='bbox 1183 1412 1306 1461; x_wconf 85' lang='lat' dir='ltr'>mihi</span> <span class='ocrx_word' id='word_1_202' title='bbox 1333 1412 1729 1477; x_wconf 82' lang='lat' dir='ltr'>Pyrotechnicus</span> <span class='ocrx_word' id='word_1_203' title='bbox 1752 1409 1836 1461; x_wconf 81' lang='lat' dir='ltr'>hic</span> <span class='ocrx_word' id='word_1_204' title='bbox 1856 1412 2101 1461; x_wconf 85' lang='lat' dir='ltr'>lociccle-</span> 
     </span>
     <span class='ocr_line' id='line_1_24' title="bbox 340 1473 2098 1541; baseline -0.005 -10"><span class='ocrx_word' id='word_1_205' title='bbox 340 1482 440 1530; x_wconf 88' lang='lat' dir='ltr'>bris</span> <span class='ocrx_word' id='word_1_206' title='bbox 463 1513 477 1534; x_wconf 90' lang='lat'>,</span> <span class='ocrx_word' id='word_1_207' title='bbox 512 1478 546 1528; x_wconf 84' lang='lat' dir='ltr'>si</span> <span class='ocrx_word' id='word_1_208' title='bbox 567 1479 683 1527; x_wconf 90' lang='lat' dir='ltr'>huic</span> <span class='ocrx_word' id='word_1_209' title='bbox 709 1476 871 1540; x_wconf 87' lang='lat' dir='ltr'>globo</span> <span class='ocrx_word' id='word_1_210' title='bbox 911 1473 1154 1531; x_wconf 89' lang='lat' dir='ltr'>terrestri,</span> <span class='ocrx_word' id='word_1_211' title='bbox 1194 1478 1556 1541; x_wconf 85' lang='lat' dir='ltr'>quinquaginta</span> <span class='ocrx_word' id='word_1_212' title='bbox 1577 1476 1857 1526; x_wconf 66' lang='lat' dir='ltr'>solumnodo</span> <span class='ocrx_word' id='word_1_213' title='bbox 1879 1475 2011 1525; x_wconf 86' lang='lat' dir='ltr'>librae</span> <span class='ocrx_word' id='word_1_214' title='bbox 2032 1473 2098 1524; x_wconf 88' lang='lat' dir='ltr'>fic</span> 
     </span>
     <span class='ocr_line' id='line_1_25' title="bbox 340 1540 2101 1607; baseline -0.004 -14"><span class='ocrx_word' id='word_1_215' title='bbox 340 1544 482 1594; x_wconf 90' lang='lat' dir='ltr'>inseri</span> <span class='ocrx_word' id='word_1_216' title='bbox 503 1541 714 1607; x_wconf 76' lang='lat' dir='ltr'>possent,</span> <span class='ocrx_word' id='word_1_217' title='bbox 740 1552 794 1588; x_wconf 91' lang='lat' dir='ltr'>ut</span> <span class='ocrx_word' id='word_1_218' title='bbox 852 1541 974 1589; x_wconf 86' lang='lat' dir='ltr'>ulvis</span> <span class='ocrx_word' id='word_1_219' title='bbox 998 1540 1221 1603; x_wconf 88' lang='lat' dir='ltr'>undique</span> <span class='ocrx_word' id='word_1_220' title='bbox 1246 1540 1510 1588; x_wconf 85' lang='lat' dir='ltr'>conclusus</span> <span class='ocrx_word' id='word_1_221' title='bbox 1530 1555 1616 1605; x_wconf 90' lang='lat' dir='ltr'>per</span> <span class='ocrx_word' id='word_1_222' title='bbox 1640 1540 1901 1605; x_wconf 81' lang='lat' dir='ltr'>Angelum</span> <span class='ocrx_word' id='word_1_223' title='bbox 1927 1553 2101 1587; x_wconf 85' lang='lat' dir='ltr'>accen-</span> 
     </span>
     <span class='ocr_line' id='line_1_26' title="bbox 343 1601 2105 1668; baseline -0.003 -12"><span class='ocrx_word' id='word_1_224' title='bbox 343 1607 571 1660; x_wconf 80' lang='lat' dir='ltr'>deretur,</span> <span class='ocrx_word' id='word_1_225' title='bbox 594 1604 727 1654; x_wconf 88' lang='lat' dir='ltr'>haud</span> <span class='ocrx_word' id='word_1_226' title='bbox 747 1603 815 1652; x_wconf 90' lang='lat' dir='ltr'>du</span> <span class='ocrx_word' id='word_1_227' title='bbox 853 1601 898 1652; x_wconf 78' lang='lat' dir='ltr'>ie</span> <span class='ocrx_word' id='word_1_228' title='bbox 925 1605 1188 1653; x_wconf 90' lang='lat' dir='ltr'>Tellurem</span> <span class='ocrx_word' id='word_1_229' title='bbox 1221 1615 1391 1652; x_wconf 88' lang='lat' dir='ltr'>totam</span> <span class='ocrx_word' id='word_1_230' title='bbox 1421 1606 1472 1652; x_wconf 91' lang='lat' dir='ltr'>in</span> <span class='ocrx_word' id='word_1_231' title='bbox 1503 1603 1642 1652; x_wconf 91' lang='lat' dir='ltr'>mille</span> <span class='ocrx_word' id='word_1_232' title='bbox 1670 1615 1830 1668; x_wconf 85' lang='lat' dir='ltr'>partes</span> <span class='ocrx_word' id='word_1_233' title='bbox 1852 1601 1988 1651; x_wconf 85' lang='lat' dir='ltr'>illico</span> <span class='ocrx_word' id='word_1_234' title='bbox 2011 1602 2105 1650; x_wconf 90' lang='lat' dir='ltr'>dis-</span> 
     </span>
     <span class='ocr_line' id='line_1_27' title="bbox 342 1662 2107 1729; baseline -0.002 -11"><span class='ocrx_word' id='word_1_235' title='bbox 342 1669 626 1728; x_wconf 83' lang='lat' dir='ltr'>jiciendam.</span> <span class='ocrx_word' id='word_1_236' title='bbox 721 1667 919 1716; x_wconf 78' lang='lat' dir='ltr'>Celavit</span> <span class='ocrx_word' id='word_1_237' title='bbox 952 1668 1145 1717; x_wconf 90' lang='lat' dir='ltr'>Natura</span> <span class='ocrx_word' id='word_1_238' title='bbox 1180 1666 1283 1716; x_wconf 91' lang='lat' dir='ltr'>hoc</span> <span class='ocrx_word' id='word_1_239' title='bbox 1317 1666 1463 1716; x_wconf 88' lang='lat' dir='ltr'>suurn</span> <span class='ocrx_word' id='word_1_240' title='bbox 1490 1682 1729 1716; x_wconf 84' lang='lat' dir='ltr'>arcanum</span> <span class='ocrx_word' id='word_1_241' title='bbox 1749 1700 1763 1721; x_wconf 82' lang='lat'>,</span> <span class='ocrx_word' id='word_1_242' title='bbox 1791 1668 1907 1729; x_wconf 91' lang='lat' dir='ltr'>quia</span> <span class='ocrx_word' id='word_1_243' title='bbox 1937 1662 2107 1714; x_wconf 84' lang='lat' dir='ltr'>rariffi-</span> 
     </span>
     <span class='ocr_line' id='line_1_28' title="bbox 344 1729 2104 1795; baseline -0.004 -13"><span class='ocrx_word' id='word_1_244' title='bbox 344 1749 522 1787; x_wconf 87' lang='lat' dir='ltr'>mum,</span> <span class='ocrx_word' id='word_1_245' title='bbox 553 1732 680 1781; x_wconf 88' lang='lat' dir='ltr'>ultra</span> <span class='ocrx_word' id='word_1_246' title='bbox 700 1729 943 1795; x_wconf 82' lang='lat' dir='ltr'>sexaginta</span> <span class='ocrx_word' id='word_1_247' title='bbox 965 1746 1222 1780; x_wconf 87' lang='lat' dir='ltr'>annorum</span> <span class='ocrx_word' id='word_1_248' title='bbox 1242 1731 1440 1785; x_wconf 84' lang='lat' dir='ltr'>saecula,</span> <span class='ocrx_word' id='word_1_249' title='bbox 1470 1731 1594 1780; x_wconf 88' lang='lat' dir='ltr'>dum</span> <span class='ocrx_word' id='word_1_250' title='bbox 1622 1730 1830 1778; x_wconf 90' lang='lat' dir='ltr'>tandem</span> <span class='ocrx_word' id='word_1_251' title='bbox 1863 1731 1994 1777; x_wconf 80' lang='lat' dir='ltr'>circa</span> <span class='ocrx_word' id='word_1_252' title='bbox 2020 1743 2104 1775; x_wconf 90' lang='lat' dir='ltr'>an-</span> 
     </span>
     <span class='ocr_line' id='line_1_29' title="bbox 344 1792 2105 1858; baseline -0.005 -12"><span class='ocrx_word' id='word_1_253' title='bbox 344 1812 473 1846; x_wconf 89' lang='lat' dir='ltr'>num</span> <span class='ocrx_word' id='word_1_254' title='bbox 495 1794 816 1845; x_wconf 83' lang='lat' dir='ltr'>millesimum</span> <span class='ocrx_word' id='word_1_255' title='bbox 838 1794 1245 1843; x_wconf 79' lang='lat' dir='ltr'>trecentesimum</span> <span class='ocrx_word' id='word_1_256' title='bbox 1270 1828 1283 1848; x_wconf 92' lang='lat'>,</span> <span class='ocrx_word' id='word_1_257' title='bbox 1315 1797 1365 1845; x_wconf 70' lang='grc' dir='ltr'>ὅ(</span> <span class='ocrx_word' id='word_1_258' title='bbox 1382 1793 1736 1858; x_wconf 81' lang='lat' dir='ltr'>sexagesimum</span> <span class='ocrx_word' id='word_1_259' title='bbox 1754 1792 1877 1842; x_wconf 88' lang='lat' dir='ltr'>illud</span> <span class='ocrx_word' id='word_1_260' title='bbox 1898 1805 2105 1840; x_wconf 87' lang='lat' dir='ltr'>concre-</span> 
     </span>
     <span class='ocr_line' id='line_1_30' title="bbox 347 1854 2175 1923; baseline -0.003 -14"><span class='ocrx_word' id='word_1_261' title='bbox 347 1861 477 1909; x_wconf 82' lang='lat' dir='ltr'>didit</span> <span class='ocrx_word' id='word_1_262' title='bbox 490 1860 695 1923; x_wconf 89' lang='lat' dir='ltr'>ingenio</span> <span class='ocrx_word' id='word_1_263' title='bbox 720 1859 956 1907; x_wconf 88' lang='lat' dir='ltr'>omnium</span> <span class='ocrx_word' id='word_1_264' title='bbox 978 1855 1371 1922; x_wconf 67' lang='lat' dir='ltr'>praestantiffimo</span> <span class='ocrx_word' id='word_1_265' title='bbox 1393 1891 1404 1911; x_wconf 91' lang='lat'>,</span> <span class='ocrx_word' id='word_1_266' title='bbox 1430 1873 1487 1906; x_wconf 91' lang='lat' dir='ltr'>ac</span> <span class='ocrx_word' id='word_1_267' title='bbox 1510 1858 1870 1910; x_wconf 86' lang='lat' dir='ltr'>celeberrimo,</span> <span class='ocrx_word' id='word_1_268' title='bbox 1894 1854 2104 1919; x_wconf 86' lang='lat' dir='ltr'>Chymi·</span> <span class='ocrx_word' id='word_1_269' title='bbox 2174 1901 2175 1904; x_wconf 75' lang='grc'>,</span> 
     </span>
     <span class='ocr_line' id='line_1_31' title="bbox 346 1920 2104 1985; baseline -0.005 -11"><span class='ocrx_word' id='word_1_270' title='bbox 346 1939 412 1974; x_wconf 92' lang='lat' dir='ltr'>co</span> <span class='ocrx_word' id='word_1_271' title='bbox 441 1921 686 1972; x_wconf 88' lang='lat' dir='ltr'>Bertoldo</span> <span class='ocrx_word' id='word_1_272' title='bbox 705 1920 957 1970; x_wconf 84' lang='lat' dir='ltr'>Schvvarz</span> <span class='ocrx_word' id='word_1_273' title='bbox 992 1920 1298 1985; x_wconf 72' lang='lat' dir='ltr'>friburgensi</span> <span class='ocrx_word' id='word_1_274' title='bbox 1321 1921 1577 1985; x_wconf 84' lang='lat' dir='ltr'>Brisgoiae,</span> <span class='ocrx_word' id='word_1_275' title='bbox 1604 1935 1761 1984; x_wconf 90' lang='lat' dir='ltr'>quem</span> <span class='ocrx_word' id='word_1_276' title='bbox 1790 1920 2104 1981; x_wconf 88' lang='lat' dir='ltr'>neutiquam,</span> 
     </span>
     <span class='ocr_line' id='line_1_32' title="bbox 348 1979 2175 2051; baseline -0.002 -17"><span class='ocrx_word' id='word_1_277' title='bbox 348 1986 655 2051; x_wconf 83' lang='lat' dir='ltr'>praevolante</span> <span class='ocrx_word' id='word_1_278' title='bbox 675 1984 974 2040; x_wconf 78' lang='lat' dir='ltr'>iudicio,·&#39;ob</span> <span class='ocrx_word' id='word_1_279' title='bbox 996 1986 1143 2033; x_wconf 86' lang='lat' dir='ltr'>inane</span> <span class='ocrx_word' id='word_1_280' title='bbox 1172 1999 1367 2033; x_wconf 89' lang='lat' dir='ltr'>nomen</span> <span class='ocrx_word' id='word_1_281' title='bbox 1379 1981 1461 2033; x_wconf 80' lang='lat' dir='ltr'>hic</span> <span class='ocrx_word' id='word_1_282' title='bbox 1483 1988 1810 2033; x_wconf 87' lang='lat' dir='ltr'>nominatum</span> <span class='ocrx_word' id='word_1_283' title='bbox 1834 1979 2106 2036; x_wconf 85' lang='lat' dir='ltr'>existimes,</span> <span class='ocrx_word' id='word_1_284' title='bbox 2173 2035 2175 2040; x_wconf 18' lang='lat'><strong>¹</strong></span> 
     </span>
     <span class='ocr_line' id='line_1_33' title="bbox 351 2044 2106 2113; baseline -0.002 -16"><span class='ocrx_word' id='word_1_285' title='bbox 351 2049 434 2098; x_wconf 88' lang='lat' dir='ltr'>sed</span> <span class='ocrx_word' id='word_1_286' title='bbox 465 2049 535 2097; x_wconf 89' lang='lat' dir='ltr'>ob</span> <span class='ocrx_word' id='word_1_287' title='bbox 567 2048 784 2097; x_wconf 57' lang='lat' dir='ltr'>smitam</span> <span class='ocrx_word' id='word_1_288' title='bbox 815 2049 882 2096; x_wconf 95' lang='lat' dir='ltr'>D.</span> <span class='ocrx_word' id='word_1_289' title='bbox 901 2047 1136 2097; x_wconf 84' lang='lat' dir='ltr'>Francisci</span> <span class='ocrx_word' id='word_1_290' title='bbox 1160 2047 1275 2103; x_wconf 84' lang='lat' dir='ltr'>(vel</span> <span class='ocrx_word' id='word_1_291' title='bbox 1301 2048 1444 2111; x_wconf 93' lang='lat' dir='ltr'>quod</span> <span class='ocrx_word' id='word_1_292' title='bbox 1469 2048 1568 2104; x_wconf 83' lang='lat' dir='ltr'>alijs</span> <span class='ocrx_word' id='word_1_293' title='bbox 1600 2044 1895 2113; x_wconf 73' lang='lat' dir='ltr'>praeplacet)</span> <span class='ocrx_word' id='word_1_294' title='bbox 1926 2047 1994 2095; x_wconf 89' lang='lat' dir='ltr'>D.</span> <span class='ocrx_word' id='word_1_295' title='bbox 2017 2045 2106 2093; x_wconf 83' lang='lat' dir='ltr'>Be-</span> 
     </span>
     <span class='ocr_line' id='line_1_34' title="bbox 351 2106 2175 2174; baseline -0.004 -13"><span class='ocrx_word' id='word_1_296' title='bbox 351 2111 536 2161; x_wconf 72' lang='lat' dir='ltr'>nediffi</span> <span class='ocrx_word' id='word_1_297' title='bbox 570 2112 840 2165; x_wconf 87' lang='lat' dir='ltr'>familiam,</span> <span class='ocrx_word' id='word_1_298' title='bbox 869 2112 1005 2169; x_wconf 91' lang='lat' dir='ltr'>cujus</span> <span class='ocrx_word' id='word_1_299' title='bbox 1035 2111 1116 2160; x_wconf 90' lang='lat' dir='ltr'>ille</span> <span class='ocrx_word' id='word_1_300' title='bbox 1146 2110 1432 2164; x_wconf 78' lang='lat' dir='ltr'>Alumnu33</span> <span class='ocrx_word' id='word_1_301' title='bbox 1471 2126 1581 2173; x_wconf 84' lang='lat' dir='ltr'>quae</span> <span class='ocrx_word' id='word_1_302' title='bbox 1621 2114 1740 2174; x_wconf 89' lang='lat' dir='ltr'>quia</span> <span class='ocrx_word' id='word_1_303' title='bbox 1775 2106 2107 2172; x_wconf 78' lang='lat' dir='ltr'>antiquissima</span> <span class='ocrx_word' id='word_1_304' title='bbox 2173 2145 2175 2152; x_wconf 21' lang='grc' dir='ltr'><em>Α</em></span> 
     </span>
     <span class='ocr_line' id='line_1_35' title="bbox 355 2170 2175 2239; baseline -0.001 -15"><span class='ocrx_word' id='word_1_305' title='bbox 355 2174 502 2224; x_wconf 80' lang='lat' dir='ltr'>simul</span> <span class='ocrx_word' id='word_1_306' title='bbox 534 2175 925 2224; x_wconf 85' lang='lat' dir='ltr'>&amp;celeberrima</span> <span class='ocrx_word' id='word_1_307' title='bbox 948 2209 960 2229; x_wconf 87' lang='lat'>,</span> <span class='ocrx_word' id='word_1_308' title='bbox 993 2189 1101 2224; x_wconf 87' lang='lat' dir='ltr'>non</span> <span class='ocrx_word' id='word_1_309' title='bbox 1132 2177 1297 2239; x_wconf 89' lang='lat' dir='ltr'>potuit</span> <span class='ocrx_word' id='word_1_310' title='bbox 1331 2190 1438 2223; x_wconf 91' lang='lat' dir='ltr'>non</span> <span class='ocrx_word' id='word_1_311' title='bbox 1473 2176 1664 2239; x_wconf 85' lang='lat' dir='ltr'>semper</span> <span class='ocrx_word' id='word_1_312' title='bbox 1704 2175 1836 2223; x_wconf 90' lang='lat' dir='ltr'>alere</span> <span class='ocrx_word' id='word_1_313' title='bbox 1867 2170 2108 2237; x_wconf 76' lang='lat' dir='ltr'>gloriofis-</span> <span class='ocrx_word' id='word_1_314' title='bbox 2172 2193 2175 2223; x_wconf 59' lang='lat'>³</span> 
     </span>
     <span class='ocr_line' id='line_1_36' title="bbox 356 2237 2175 2301; baseline -0.004 -14"><span class='ocrx_word' id='word_1_315' title='bbox 356 2237 510 2288; x_wconf 88' lang='lat' dir='ltr'>fimos</span> <span class='ocrx_word' id='word_1_316' title='bbox 562 2239 850 2287; x_wconf 83' lang='lat' dir='ltr'>inventores</span> <span class='ocrx_word' id='word_1_317' title='bbox 882 2271 895 2291; x_wconf 95' lang='lat'>,</span> <span class='ocrx_word' id='word_1_318' title='bbox 949 2241 1000 2288; x_wconf 72' lang='grc' dir='ltr'>ὃς</span> <span class='ocrx_word' id='word_1_319' title='bbox 1040 2238 1398 2286; x_wconf 87' lang='lat' dir='ltr'>celeberrimos</span> <span class='ocrx_word' id='word_1_320' title='bbox 1445 2240 1776 2301; x_wconf 87' lang='lat' dir='ltr'>Ingeniorum</span> <span class='ocrx_word' id='word_1_321' title='bbox 1829 2237 2106 2287; x_wconf 86' lang='lat' dir='ltr'>Phoenices.</span> <span class='ocrx_word' id='word_1_322' title='bbox 2172 2264 2175 2298; x_wconf 19' lang='grc' dir='ltr'>π,</span> 
     </span>
     <span class='ocr_line' id='line_1_37' title="bbox 357 2297 2175 2366; baseline -0.001 -18"><span class='ocrx_word' id='word_1_323' title='bbox 357 2301 448 2352; x_wconf 87' lang='lat' dir='ltr'>Ad</span> <span class='ocrx_word' id='word_1_324' title='bbox 466 2299 637 2348; x_wconf 89' lang='lat' dir='ltr'>succos</span> <span class='ocrx_word' id='word_1_325' title='bbox 657 2302 866 2362; x_wconf 86' lang='lat' dir='ltr'>pertinet</span> <span class='ocrx_word' id='word_1_326' title='bbox 877 2303 1091 2356; x_wconf 79' lang='lat' dir='ltr'>succinum</span> <span class='ocrx_word' id='word_1_327' title='bbox 1113 2336 1126 2351; x_wconf 86' lang='grc'>,</span> <span class='ocrx_word' id='word_1_328' title='bbox 1164 2301 1308 2363; x_wconf 90' lang='lat' dir='ltr'>quod</span> <span class='ocrx_word' id='word_1_329' title='bbox 1334 2302 1498 2365; x_wconf 86' lang='lat' dir='ltr'>paleas</span> <span class='ocrx_word' id='word_1_330' title='bbox 1526 2301 1674 2350; x_wconf 87' lang='lat' dir='ltr'>trahit</span> <span class='ocrx_word' id='word_1_331' title='bbox 1696 2335 1709 2356; x_wconf 95' lang='lat'>‚</span> <span class='ocrx_word' id='word_1_332' title='bbox 1741 2304 1790 2351; x_wconf 70' lang='grc' dir='ltr'>δί</span> <span class='ocrx_word' id='word_1_333' title='bbox 1809 2302 1962 2366; x_wconf 88' lang='lat' dir='ltr'>pilos,</span> <span class='ocrx_word' id='word_1_334' title='bbox 1984 2297 2016 2346; x_wconf 83' lang='lat' dir='ltr'>fi</span> <span class='ocrx_word' id='word_1_335' title='bbox 2035 2297 2106 2344; x_wconf 84' lang='lat' dir='ltr'>in·</span> <span class='ocrx_word' id='word_1_336' title='bbox 2172 2315 2175 2359; x_wconf 63' lang='grc' dir='ltr'>ξ</span> 
     </span>
     <span class='ocr_line' id='line_1_38' title="bbox 360 2361 2175 2429; baseline -0.003 -15"><span class='ocrx_word' id='word_1_337' title='bbox 360 2363 590 2414; x_wconf 87' lang='lat' dir='ltr'>calescat:</span> <span class='ocrx_word' id='word_1_338' title='bbox 627 2362 688 2410; x_wconf 84' lang='lat' dir='ltr'>sal</span> <span class='ocrx_word' id='word_1_339' title='bbox 721 2363 890 2411; x_wconf 81' lang='lat' dir='ltr'>Siciliae</span> <span class='ocrx_word' id='word_1_340' title='bbox 924 2365 1283 2428; x_wconf 81' lang='lat' dir='ltr'>Agrigentinus</span> <span class='ocrx_word' id='word_1_341' title='bbox 1304 2397 1317 2417; x_wconf 94' lang='lat'>,</span> <span class='ocrx_word' id='word_1_342' title='bbox 1348 2379 1505 2427; x_wconf 87' lang='lat' dir='ltr'>quem</span> <span class='ocrx_word' id='word_1_343' title='bbox 1542 2367 1646 2429; x_wconf 86' lang='lat' dir='ltr'>igni</span> <span class='ocrx_word' id='word_1_344' title='bbox 1690 2365 1955 2413; x_wconf 89' lang='lat' dir='ltr'>admotum</span> <span class='ocrx_word' id='word_1_345' title='bbox 1978 2391 1990 2411; x_wconf 77' lang='grc'>,</span> <span class='ocrx_word' id='word_1_346' title='bbox 2024 2373 2106 2405; x_wconf 80' lang='lat' dir='ltr'>VC·</span> <span class='ocrx_word' id='word_1_347' title='bbox 2171 2361 2175 2378; x_wconf 61' lang='lat'>²</span> 
     </span>
     <span class='ocr_line' id='line_1_39' title="bbox 361 2422 2106 2490; baseline -0.006 -12"><span class='ocrx_word' id='word_1_348' title='bbox 361 2429 437 2478; x_wconf 89' lang='lat' dir='ltr'>lut</span> <span class='ocrx_word' id='word_1_349' title='bbox 473 2427 524 2475; x_wconf 95' lang='lat' dir='ltr'>in</span> <span class='ocrx_word' id='word_1_350' title='bbox 542 2440 671 2489; x_wconf 82' lang='lat' dir='ltr'>aqua</span> <span class='ocrx_word' id='word_1_351' title='bbox 692 2425 957 2486; x_wconf 86' lang='lat' dir='ltr'>liquescere</span> <span class='ocrx_word' id='word_1_352' title='bbox 986 2427 1223 2482; x_wconf 83' lang='lat' dir='ltr'>afferunt,</span> <span class='ocrx_word' id='word_1_353' title='bbox 1246 2428 1538 2478; x_wconf 88' lang='lat' dir='ltr'>immersum</span> <span class='ocrx_word' id='word_1_354' title='bbox 1559 2443 1727 2490; x_wconf 87' lang='lat' dir='ltr'>aquae,</span> <span class='ocrx_word' id='word_1_355' title='bbox 1758 2428 1891 2475; x_wconf 88' lang='lat' dir='ltr'>velut</span> <span class='ocrx_word' id='word_1_356' title='bbox 1912 2425 1962 2470; x_wconf 92' lang='lat' dir='ltr'>in</span> <span class='ocrx_word' id='word_1_357' title='bbox 1986 2422 2106 2485; x_wconf 83' lang='lat' dir='ltr'>igni·</span> 
     </span>
     <span class='ocr_line' id='line_1_40' title="bbox 361 2480 2106 2553; baseline -0.007 -10"><span class='ocrx_word' id='word_1_358' title='bbox 361 2492 455 2541; x_wconf 85' lang='lat' dir='ltr'>bus</span> <span class='ocrx_word' id='word_1_359' title='bbox 488 2491 759 2553; x_wconf 77' lang='lat' dir='ltr'>crepitare:</span> <span class='ocrx_word' id='word_1_360' title='bbox 818 2490 993 2535; x_wconf 76' lang='lat' dir='ltr'>Malcha</span> <span class='ocrx_word' id='word_1_361' title='bbox 1018 2526 1029 2541; x_wconf 87' lang='lat'><em>‚</em></span> <span class='ocrx_word' id='word_1_362' title='bbox 1062 2505 1199 2552; x_wconf 85' lang='lat' dir='ltr'>quae,</span> <span class='ocrx_word' id='word_1_363' title='bbox 1221 2490 1257 2539; x_wconf 84' lang='lat' dir='ltr'>si</span> <span class='ocrx_word' id='word_1_364' title='bbox 1286 2491 1450 2540; x_wconf 88' lang='lat' dir='ltr'>Plinio</span> <span class='ocrx_word' id='word_1_365' title='bbox 1481 2491 1604 2541; x_wconf 90' lang='lat' dir='ltr'>fides</span> <span class='ocrx_word' id='word_1_366' title='bbox 1632 2524 1646 2545; x_wconf 88' lang='lat'>,</span> <span class='ocrx_word' id='word_1_367' title='bbox 1684 2484 2009 2538; x_wconf 87' lang='lat' dir='ltr'>bituminosus</span> <span class='ocrx_word' id='word_1_368' title='bbox 2037 2480 2106 2531; x_wconf 88' lang='lat' dir='ltr'>est</span> 
     </span>
     <span class='ocr_line' id='line_1_41' title="bbox 362 2547 2173 2619; baseline -0.003 -16"><span class='ocrx_word' id='word_1_369' title='bbox 362 2555 511 2604; x_wconf 88' lang='lat' dir='ltr'>limus</span> <span class='ocrx_word' id='word_1_370' title='bbox 528 2585 541 2606; x_wconf 93' lang='lat'>,</span> <span class='ocrx_word' id='word_1_371' title='bbox 565 2553 650 2613; x_wconf 92' lang='lat' dir='ltr'>qui</span> <span class='ocrx_word' id='word_1_372' title='bbox 670 2552 809 2614; x_wconf 87' lang='lat' dir='ltr'>aquis</span> <span class='ocrx_word' id='word_1_373' title='bbox 830 2552 1112 2601; x_wconf 88' lang='lat' dir='ltr'>incenditur</span> <span class='ocrx_word' id='word_1_374' title='bbox 1133 2587 1146 2607; x_wconf 87' lang='lat'>‚</span> <span class='ocrx_word' id='word_1_375' title='bbox 1185 2552 1316 2602; x_wconf 68' lang='lat' dir='ltr'>terra</span> <span class='ocrx_word' id='word_1_376' title='bbox 1339 2551 1654 2619; x_wconf 88' lang='lat' dir='ltr'>restinguitur</span> <span class='ocrx_word' id='word_1_377' title='bbox 1671 2585 1685 2606; x_wconf 91' lang='lat'>‚</span> <span class='ocrx_word' id='word_1_378' title='bbox 1709 2554 1758 2601; x_wconf 72' lang='grc' dir='ltr'>ὅ(</span> <span class='ocrx_word' id='word_1_379' title='bbox 1779 2550 1926 2600; x_wconf 85' lang='lat' dir='ltr'>rebus</span> <span class='ocrx_word' id='word_1_380' title='bbox 1945 2547 2109 2598; x_wconf 87' lang='lat' dir='ltr'>solidis</span> <span class='ocrx_word' id='word_1_381' title='bbox 2171 2585 2173 2591; x_wconf 84' lang='lat'><em>.</em></span> 
     </span>
     <span class='ocr_line' id='line_1_42' title="bbox 364 2612 2174 2726; baseline -0.005 -57"><span class='ocrx_word' id='word_1_382' title='bbox 364 2612 510 2674; x_wconf 67' lang='lat' dir='ltr'>facile</span> <span class='ocrx_word' id='word_1_383' title='bbox 536 2613 832 2672; x_wconf 71' lang='lat' dir='ltr'>adhaerescit.</span> <span class='ocrx_word' id='word_1_384' title='bbox 899 2617 1101 2675; x_wconf 77' lang='lat' dir='ltr'>Naphca,</span> <span class='ocrx_word' id='word_1_385' title='bbox 1117 2619 1168 2671; x_wconf 68' lang='grc' dir='ltr'>ὅ(</span> <span class='ocrx_word' id='word_1_386' title='bbox 1188 2618 1445 2677; x_wconf 77' lang='lat' dir='ltr'>Camphora,</span> <span class='ocrx_word' id='word_1_387' title='bbox 1467 2631 1576 2679; x_wconf 85' lang='lat' dir='ltr'>quae</span> <span class='ocrx_word' id='word_1_388' title='bbox 1594 2614 1744 2667; x_wconf 84' lang='lat' dir='ltr'>semel</span> <span class='ocrx_word' id='word_1_389' title='bbox 1765 2612 2108 2726; x_wconf 71' lang='lat' dir='ltr'>accensaednon</span> <span class='ocrx_word' id='word_1_390' title='bbox 2171 2613 2174 2674; x_wconf 62' lang='grc' dir='ltr'><strong>ς</strong></span> 
     </span>
    </p>

    <p class='ocr_par' dir='ltr' id='par_1_5' title="bbox 1882 2688 2172 2730">
     <span class='ocr_line' id='line_1_43' title="bbox 1882 2688 2172 2730; baseline 0.014 -4"><span class='ocrx_word' id='word_1_391' title='bbox 1882 2690 1974 2727; x_wconf 85' lang='lat' dir='ltr'>mo</span> <span class='ocrx_word' id='word_1_392' title='bbox 2015 2691 2050 2730; x_wconf 81' lang='grc' dir='ltr'><strong>Ο</strong></span> <span class='ocrx_word' id='word_1_393' title='bbox 2171 2688 2172 2696; x_wconf 54' lang='lat'>³</span> 
     </span>
    </p>
   </div>
  </div>
 </body>
</html>
