2175 2911
429 124 516 168 172
1047 108 1242 156 Ariadne
1262 105 1450 171 Physica.

360 205 577 255 modam
605 202 954 269 deprehendit:
991 204 1122 257 adeo
1155 208 1305 256 etiam
1331 206 1467 256 dosti
1498 220 1605 255 non
1639 202 1827 254 habent
1859 204 2112 268 chirogra-

360 269 550 335 phum,
570 267 727 335 sigillo
756 268 1110 320 infallibilitatis
1131 275 1402 320 munitum.
1473 270 1675 319 Felicius
1697 269 2037 319 Sciathericon
2058 271 2114 317 in

362 333 510 397 gleba
528 331 750 384 Arabica
778 331 1011 398 accepisse
1039 335 1085 383 se
1104 336 1336 383 meminit
1353 332 1652 383 Kircherus:
1687 331 1792 382 haee
1813 335 1948 381 enim
1969 331 2110 382 veris-

363 393 486 446 fime
511 398 830 462 Heliotropia
844 431 857 448 ‚
881 398 934 445 in
951 401 1086 460 aquis
1102 431 1115 453 ‚
1133 411 1219 447 aut
1238 398 1377 462 supra
1395 412 1579 460 aquam
1609 394 1889 460 magnerice
1910 396 2080 444 librata
2094 429 2107 445 ,

363 472 449 510 aut
477 462 628 509 etiam
662 463 827 511 vitreis
858 461 1038 510 inclusa
1073 462 1318 527 repagulis
1347 493 1363 515 ‚.
1395 460 1716 509 indissolubili
1751 460 1946 509 foedere
1976 458 2113 520 sequi

363 523 646 588 Cynthium
666 523 930 573 videbatur
945 542 960 573 ·.
991 527 1123 576 unde,
1148 526 1327 587 inquit,
1347 527 1516 583 collegi,
1537 524 1643 570 hunc
1665 537 1827 570 motum
1847 539 1926 569 non
1945 524 2112 582 prima-

362 604 459 634 rum
493 588 753 650 qualitatum
775 599 877 649 ope,
905 588 978 646 sed
995 588 1182 651 οᾖὸετιῗὶεᾶ
1217 589 1397 652 quadam
1419 590 1617 638 virtute,
1646 589 1705 634 Θ·
1726 589 1860 633 totim
1877 584 2115 643 substantioe

354 652 418 697 ad
445 652 600 702 Solem,
633 652 774 697 veluti
808 652 1146 708 Conservatorem
1165 652 1312 708 fimm,
1340 653 1552 698 converti.
1651 650 1779 699 Illud
1806 649 2003 714 insuper
2023 649 2115 696 mi-

352 734 500 770 rum,
523 715 666 778 quod
691 714 753 763 de
778 711 1017 764 Astrione
1049 716 1209 781 lapide
1233 716 1470 780 legimus.-
1508 714 1589 763 hic
1618 715 1671 762 in
1698 713 1846 770 Indijs
1873 713 2114 764 nascitur,

361 775 534 842 e'stque
554 777 784 843 crystallo
849 778 1090 835 ersunilis,
1118 784 1168 827 in
1195 780 1372 828 medio
1398 779 1606 827 Stellam
1635 779 1888 830 continet,
1911 791 2020 839 quae
2042 777 2114 822 in-

361 839 456 892 star
469 843 643 895 Lunae,
665 857 798 904 quan
840 857 874 890 o
896 842 1148 891 decimam
1179 856 1408 904 quartam
1432 844 1605 905 attigit,
1630 841 1852 889 relucere
1878 838 2119 902 conspici·

360 917 456 956 tur.
557 907 756 970 Pyriten
777 905 993 969 lapidem
1019 907 1202 955 enutrit
1226 904 1413 960 Persia,
1430 905 1494 954 sie
1524 905 1712 954 dietum
1740 904 1801 951 ab
1831 905 1973 967 igne,
1990 917 2115 949 nam

358 967 710 1020 vehementius
744 968 888 1016 illum
921 985 1077 1017 manu
1107 969 1142 1017 sr
1179 984 1377 1030 premas
1397 1001 1412 1021 ‚
1440 968 1621 1016 referes
1648 967 1854 1029 digitos,
1882 965 1964 1013 sed
1992 979 2113 1011 cum

360 1032 535 1082 Mutio
559 1032 784 1090 Scaeyola
803 1028 1030 1081 adustos,
1052 1034 1119 1077 ita
1141 1029 1420 1091 Phosphori
1438 1027 1584 1076 instar
1602 1030 1799 1076 furores
1820 1030 2118 1091 ignivomos

362 1095 648 1150 eiaculatur,
748 1088 994 1152 Ephestis‚
1016 1091 1206 1154 lapillus
1237 1093 1289 1137 in
1308 1089 1515 1138 Corsica
1544 1090 1774 1142 celebris,
1798 1090 1831 1136 fi
1849 1094 1899 1138 in
1928 1102 2117 1150 aquam

361 1156 658 1205 bullientem
680 1152 814 1203 forte
839 1155 1092 1216 projicias,
1109 1153 1442 1216 refrigeratur.
1510 1154 1638 1202 Non
1661 1153 1840 1217 procul
1861 1151 2121 1215 Carthagi-

361 1235 427 1267 ne
455 1219 675 1282 lapidem
701 1213 769 1265 est
790 1217 1029 1280 reperire,
1050 1219 1137 1279 qui
1154 1219 1206 1266 in
1234 1212 1395 1264 aestate
1420 1216 1610 1279 semper
1632 1215 2117 1268 flax11niivomu52in

360 1281 547 1345 hyeme
574 1297 602 1329 a
642 1297 820 1329 uarum
850 1281 1197 1344 scaturiginem
1218 1282 1431 1328 emittit:
1465 1278 1528 1328 fic
1549 1282 1597 1329 ὅ(
1623 1280 1817 1329 Galatia
1842 1280 1982 1344 Iapis,
2003 1282 2120 1327 ada·

359 1346 547 1396 mantis.
565 1345 635 1392 ini
663 1341 806 1397 abest
823 1343 1099 1393 obduratus
1116 1343 1174 1392 :fi
1193 1347 1245 1393 in
1262 1345 1432 1406 ignem
1446 1344 1799 1408 projiciasmon
1822 1340 1988 1391 modo
2009 1356 2122 1390 non

360 1407 572 1462 laeditur,
597 1407 679 1456 sed
698 1411 825 1456 inter
849 1407 1038 1456 medias
1058 1407 1291 1456 flammas
1309 1407 1465 1470 frigus
1483 1409 1711 1456 nativum
1732 1409 2119 1460 conservatmec:

361 1470 629 1520 incalescit.
727 1470 826 1520 Sed
852 1470 973 1532 quid
1002 1473 1292 1536 peregrinos.
1309 1473 1592 1534 Trapezitas
1612 1471 1929 1519 advocamus
1953 1485 2013 1518 ex
2039 1471 2122 1518 In-

365 1533 475 1582 dia?
521 1533 644 1596 quid
658 1545 799 1582 terra:
816 1534 998 1583 viscera
1010 1536 1259 1583 rimamur
1278 1532 1595 1599 profundius,
1610 1534 1728 1582 cum
1750 1534 1978 1599 prodigia
2001 1550 2114 1598 pro·
2174 1534 2175 1590 J

361 1599 650 1660 pcmodum
666 1597 870 1661 pedibus
884 1599 1244 1647 conculcemus
1257 1601 1306 1646 in
1318 1598 1473 1647 ealce?
1492 1597 1554 1646 ab
1567 1600 1681 1661 igne
1695 1598 2009 1662 nigredinem
2023 1611 2115 1647 tra·
2173 1606 2175 1655 ξ

358 1661 846 1724 Ιιυηῖςοῑροῐε,031κ
865 1662 1346 1725 recipitcandorem.
1416 1661 1628 1726 Lapides
1642 1661 1871 1725 deturpat
1889 1662 2119 1713 flamma,
2173 1661 2175 1720 l

357 1724 550 1797 calcem
562 1722 805 1788 purificat,
819 1725 933 1773 illos
946 1727 1241 1790 corrumpit,
1261 1725 1393 1775 hanc
1404 1727 1618 1777 animat3
1636 1740 1754 1772 nam
1767 1726 1936 1788 ignem
1948 1724 2119 1773 occul·
2173 1721 2175 1754 ³

359 1788 538 1836 tissime
568 1789 748 1841 nutrit,
780 1787 966 1837 merito
998 1792 1140 1842 viva,
1165 1793 1278 1852 quia
1305 1790 1510 1839 flamma
1541 1787 1862 1841 Promethei,
1895 1789 2032 1836 velut
2049 1789 2120 1836 Ia·
2173 1791 2174 1794 ’

359 1862 499 1899 tente
514 1847 700 1905 anima,
719 1850 983 1901 vivificata.
1017 1853 1146 1902 Illud
1167 1850 1655 1917 niirt1n1,quodcum
1676 1853 2122 1916 extinguitur‚tunc
2172 1861 2173 1875 ³

361 1914 682 1963 accenditur:
717 1930 837 1963 nam
870 1928 926 1964 ut
952 1918 1163 1965 occultis
1195 1918 1393 1981 ignibus
1421 1927 1584 1965 careat
1607 1948 1619 1968 ‚
1654 1929 1796 1977 aquae
1816 1915 2116 1971 infunditur,

361 1978 440 2027 vel
465 1975 597 2040 aqua
620 1977 957 2042 perfunditur:
1004 1983 1054 2030 &
1076 1979 1195 2029 cum
1213 1977 1329 2029 ante
1350 1981 1407 2029 sit
1425 1980 1749 2045 frigida‚inde
1771 1979 2012 2034 fervescit,
2025 1996 2119 2029 un·
2139 1985 2147 1996 ¹
2170 2038 2173 2043 ¹

364 2039 427 2088 de
448 2040 688 2090 ferventia
714 2043 893 2091 cunita
915 2043 1207 2106 frigescunt:
1250 2042 1375 2109 ergo
1394 2044 1661 2109 exspirante
1682 2040 1831 2105 gleba
1861 2043 2118 2093 discedens
2169 2077 2172 2100 ;

363 2104 602 2179 ignis‚qui
623 2105 827 2161 latebat,
851 2111 1122 2172 apparet,&
1145 2108 1284 2167 velut
1302 2121 1504 2158 mortua
1516 2110 1616 2166 jam
1637 2106 1765 2164 jacet
1791 2108 1897 2156 calx
1915 2107 2114 2171 frigida,

367 2181 626 2228 quamque
665 2168 794 2231 prius
829 2171 1141 2220 vocabamus
1173 2175 1371 2226 vivam,
1404 2172 1502 2227 iam
1539 2186 1787 2218 vocamus
1824 2172 2113 2222 extinCtam.
2174 2213 2175 2238 ἢ

369 2229 512 2302 Qid
539 2227 631 2282 est,
653 2234 794 2292 quod
824 2234 943 2284 huie
969 2236 1226 2284 Miraculo
1252 2235 1368 2284 addi
1399 2235 1539 2300 posse
1563 2233 1822 2284 videatur?
1870 2239 1921 2287 ὅ(
1941 2247 2116 2286 tamen
2174 2243 2175 2248 ’

367 2297 587 2344 additur:
625 2309 745 2342 nam
779 2296 812 2344 si
837 2314 946 2347 non
974 2298 1212 2347 adhibeas
1228 2315 1410 2363 aquam
1427 2333 1444 2353 ‚
1466 2299 1547 2348 sed
1566 2298 1740 2347 oleum
1754 2332 1768 2353 ,
1787 2301 1931 2363 quod
1949 2300 2114 2355 maior
2168 2309 2171 2341 l

367 2358 535 2407 fomes
555 2352 623 2404 est
651 2358 773 2427 ignis
787 2392 798 2412 ‚
824 2359 960 2411 nulla
980 2366 1079 2419 eius
1101 2363 1385 2427 perfusione
1406 2364 1649 2413 fervescit.
1726 2365 1849 2414 Haec
1866 2364 1928 2412 de
1943 2363 2110 2426 vuiga-

116 2436 175 2483 L.
191 2446 264 2481 21.
289 2434 339 2480 de
369 2424 410 2471 ri
428 2424 631 2493 Naturae
648 2421 914 2477 eracuio,
934 2426 998 2475 ad
1020 2427 1170 2489 usque
1188 2429 1498 2478 Miraculum
1524 2430 1763 2478 attonitus
1775 2422 2107 2490 Augustinus:

119 2499 202 2548 1320,
225 2511 320 2558 ⁶·4·
371 2488 457 2550 qui
481 2484 731 2557 eruditum
760 2485 1024 2557 discursum
1054 2489 1160 2540 hoc
1178 2491 1569 2556 epiphonemate
1600 2492 1809 2542 claudit:
1860 2488 2115 2546 ejusmodi
2168 2518 2175 2545 χ

370 2550 715 2617 prodigtolam
743 2561 978 2603 virtutem
1004 2552 1042 2606 si
1068 2552 1130 2605 de
1157 2555 1320 2621 lapide
1343 2557 1572 2620 quodam
1593 2555 1770 2610 Indico
1800 2552 2108 2617 legeremus,
2166 2551 2175 2601 li

1926 2631 2048 2681 pro-2·
2166 2626 2175 2641 '¹

115 433 224 481 Lde
235 442 330 479 arte

113 512 252 558 magn.
