2242 2911
689 135 850 197 Sphinx
882 127 1124 199 Clarzffimd.
1313 166 1328 171 -
1696 158 1719 203 3
1727 159 1754 205 3

178 225 376 289 LEUC:
439 223 503 282 Et
522 238 632 294 quae
653 230 792 281 clava
823 233 914 280 erit
936 243 1043 280 tam
1063 231 1207 278 fortis
1223 263 1236 284 ‚
1261 241 1370 294 quae
1392 235 1518 285 vires
1548 234 1679 287 adeo
1699 238 1817 288 vali·-

46 296 151 354 -ἂε,
174 314 229 349 ut
249 297 430 362 Hydrae
446 294 565 343 huic
585 294 905 344 contundam
928 290 1277 342 monstrosum
1296 300 1472 359 caput?
1532 303 1688 347 MEL:
1732 300 1820 351 hic

56 377 212 426 opus,
236 360 318 410 hic
335 357 480 408 labor
498 353 593 408 est3
641 353 857 406 imbellis
881 355 1098 409 nimium
1122 352 1191 403 cst
1217 355 1314 420 ipsa
1345 373 1522 409 manus
1544 364 1820 418 Herculea,

52 424 137 476 hic
166 438 293 489 opus
322 417 391 469 est
408 418 615 471 brachio
639 421 1039 485 omnipotentis.
1140 421 1224 468 Ne
1242 431 1415 470 tamen
1437 423 1557 484 nihil
1584 441 1729 489 agere
1749 429 1819 476 vi-

52 487 224 536 deatur
248 483 447 534 Philoso
487 482 591 536 hia,
617 498 675 530 ex
694 486 898 533 veritate
919 477 1146 546 gemina,
1172 481 1387 546 superius
1413 481 1636 543 stabilita,
1651 488 1716 537 sle
1739 506 1819 538 ur-

50 549 186 612 gebit
206 547 413 597 Theoso
450 499 542 596 Rus
570 545 819 602 ejusmodi
845 544 1212 609 Philosophum
1231 547 1587 597 irrationalem.
1665 556 1820 599 Datur

50 613 238 666 ΒΕΖΗ,
263 607 385 674 crgo
447 622 637 663 reator,
653 608 681 657 a
703 623 810 674 quo
832 610 1082 658 formatus
1097 641 1109 661 ‚
1132 622 1229 671 pro
1250 623 1359 672 quo
1377 623 1427 657 es
1445 610 1622 661 factus:
1658 613 1742 664 hic
1763 615 1820 665 fi-

50 676 126 725 nis
153 686 267 721 tuus
281 706 294 727 ‚
315 675 515 727 unicus,
530 673 751 726 ultimus,
767 671 830 721 ab
850 669 946 724 isto
971 672 1221 734 quantum
1240 671 1427 720 recedis
1442 706 1454 727 ‚
1470 675 1667 725 tantum
1689 677 1716 726 a
1731 691 1816 727 tua

42 736 281 786 felicitate
300 736 502 786 discedis
532 752 542 782 τ
590 735 697 783 haec
728 749 814 784 tua
849 733 1137 789 beatitudo,
1157 748 1294 783 extra
1324 749 1480 797 quam
1502 753 1610 788 non
1631 743 1816 804 poteris

45 814 155 848 non
203 797 295 848 effe
315 799 472 847 miser.
568 794 761 849 Frustra
809 800 996 863 vagaris
1030 813 1118 862 per
1156 811 1402 846 creaturas
1439 817 1450 846 :
1486 800 1686 865 spinolae
1709 803 1820 852 sunt

45 861 423 912 mundidivitiae
444 894 458 915 ‚
493 863 611 922 quia
667 873 891 926 ungunt:
928 877 1108 910 amarae
1135 860 1348 915 deficiat,
1384 865 1500 924 quia
1540 867 1814 915 tranleunt:

21 939 184 974 avanae
202 923 467 973 honorum
489 924 630 974 illece
669 941 731 974 1ae
761 958 774 979 ,
809 926 927 988 quia
948 923 1263 974 evanescunt.
1365 926 1561 975 Iri-itant
1586 940 1778 978 terrena
1799 963 1814 983 ,

45 1001 156 1036 non
181 986 354 1036 sarlant
378 1020 392 1041 ,
427 985 545 1036 hinc
564 989 848 1051 inquietum
868 1004 960 1036 cor
979 1000 1126 1036 tuum
1153 990 1242 1035 erit
1262 1020 1277 1042 ‚
1298 987 1388 1037 nisi
1425 990 1478 1037 in
1512 1004 1687 1051 centro
1710 991 1814 1040 hoc

44 1049 380 1112 conquiescat.
481 1050 621 1112 Qid
645 1047 819 1101 frustra
839 1063 1045 1114 torques
1076 1063 1126 1097 te
1151 1050 1326 1099 miser?
1358 1050 1393 1100 si
1417 1067 1527 1101 non
1556 1067 1736 1104 movet
1763 1068 1813 1103 te

49 1112 339 1163 excellentia
355 1111 494 1167 finis,
528 1114 692 1164 finon
714 1113 862 1163 trahit
883 1113 1186 1170 jucunditas,
1206 1113 1241 1162 si
1267 1127 1353 1163 tua
1379 1126 1428 1163 te
1458 1132 1568 1164 non
1597 1120 1721 1181 rapit
1743 1117 1814 1166 fe-

44 1175 200 1224 licitas
221 1211 235 1226 ,
269 1174 523 1226 ncceffitas
543 1188 593 1224 te
615 1189 790 1240 cogat,
828 1188 1034 1241 oportet
1058 1193 1067 1222 ε
1104 1189 1188 1224 aut
1211 1181 1374 1229 enim..
1397 1179 1734 1228 conformiter
1748 1180 1814 1230 ad.

43 1237 202 1287 finem
222 1238 446 1288 vivendo
469 1271 482 1292 ‚
520 1239 656 1287 dabis
688 1239 909 1288 debitam
929 1240 1145 1287 Numini
1176 1240 1392 1302 gloriam
1412 1275 1423 1291 ‚
1461 1254 1547 1290 aut
1565 1275 1578 1296 ,
1610 1243 1813 1314 agendo

44 1301 345 1350 dii-formiter
371 1334 384 1355 ‚
419 1300 557 1349 dabis
585 1314 774 1349 certam
795 1316 853 1350 ac
881 1300 1223 1349 inevitabilem
1241 1318 1483 1365 poenam:
1522 1317 1605 1353 aut
1637 1309 1816 1370 sponte

44 1364 344 1428 glorificabis
367 1365 494 1411 inter
511 1365 732 1426 Superos
752 1364 1044 1410 Bonitatem
1066 1363 1292 1410 divinam
1315 1397 1328 1417 ,
1364 1378 1448 1412 aut
1474 1365 1649 1417 coacte
1680 1369 1817 1433 apud

43 1426 238 1478 Inferos
256 1423 607 1475 severiffimam
641 1424 877 1473 tolerabis
900 1420 1174 1482 Justitiam:
1211 1426 1506 1477 alterutrum
1519 1426 1819 1486 estnecesse,

45 1490 187 1553 elige.
257 1487 493 1540 Ulterius:
531 1505 636 1534 unus
652 1487 707 1541 est
731 1490 900 1535 DEUS
923 1519 936 1540 ‚
973 1488 1082 1536 Cor
1113 1502 1311 1537 unum:
1348 1504 1436 1538 cur
1471 1491 1593 1556 ergo
1639 1495 1818 1545 dividis

44 1553 249 1603 DEUM
281 1554 407 1600 inter
429 1554 478 1601 ὃ(
510 1552 772 1600 Creaturas
801 1552 815 1598 ?
849 1552 1049 1614 Ingrate
1074 1552 1085 1598 l
1123 1553 1199 1599 Te
1229 1563 1399 1601 totum
1437 1554 1562 1609 tibi,
1597 1554 1707 1606 imo
1738 1571 1817 1606 to-

43 1627 155 1666 tum
170 1630 379 1678 quoque
399 1613 442 1662 se
473 1613 561 1663 tibi
588 1613 725 1662 dedit
747 1647 759 1667 ,
779 1628 869 1662 cur
889 1630 945 1661 ex
969 1626 1085 1662 toto
1106 1626 1159 1662 tu
1183 1614 1347 1663 reddis
1367 1632 1562 1680 partem
1579 1653 1590 1672 ,
1614 1623 1667 1669 ὅς
1685 1619 1816 1670 hanc

43 1692 154 1727 non
175 1689 339 1727 totam
364 1679 379 1725 ἒ
415 1674 508 1742 pro
534 1676 712 1726 dolor!
749 1679 920 1725 Tanto
941 1692 1091 1741 negas
1110 1678 1365 1726 tantillum
1388 1682 1399 1728 l
1430 1680 1628 1739 Infinitus
1646 1682 1726 1737 est,
1765 1688 1817 1735 ὃς

44 1744 186 1789 omnia
210 1753 411 1803 tanquam
437 1741 616 1786 nihilum
641 1754 783 1786 coram
804 1740 895 1800 Ipso
919 1762 935 1793 ,·
974 1755 1152 1788 coram
1173 1740 1334 1790 nihilo
1361 1746 1625 1799 omnium,
1646 1748 1814 1796 minus
1851 1765 1918 1822 pfl
1942 1764 2011 1815 ‚g

44 1803 204 1853 nihilo
225 1804 335 1853 Cor
352 1815 499 1852 tuum
525 1836 537 1856 ‚
575 1805 625 1853 ὃς
647 1815 819 1850 tamen
838 1803 940 1851 hoc
964 1836 977 1858 ,
1013 1802 1149 1852 danti
1170 1807 1344 1854 omnia
1372 1839 1384 1859 ‚
1420 1809 1637 1856 recusas?
1666 1825 1815 1860 avare
1938 1798 1955 1822 ⁹

47 1865 265 1916 nimium
291 1899 303 1921 ‚
339 1864 570 1929 quidum
590 1865 766 1914 sufficis
785 1866 934 1915 DEO
961 1899 973 1919 ‚
1006 1865 1095 1914 tibi
1118 1867 1292 1919 DEUS
1329 1884 1439 1918 non
1471 1871 1694 1923 sufficit,!
1731 1874 1814 1924 sed

46 1929 168 1993 quid
195 1930 419 1991 loquor?
452 1944 638 1994 magna
656 1927 862 1993 perfidia
883 1962 895 1983 ‚
944 1929 1054 1977 Cor
1077 1930 1223 1979 DEO
1239 1931 1355 1980 dare
1376 1932 1671 1983 dimidium:
1707 1952 1814 1987 ma-

45 1994 121 2050 ior
142 2026 155 2047 ‚
191 1990 400 2041 aufferre
419 2005 627 2042 totum:
661 1994 881 2041 maxima
905 2025 919 2047 ‚
955 1991 1179 2041 ablatum
1214 1993 1362 2044 DEO
1384 2029 1399 2049 ‚
1435 2008 1608 2046 totum
1641 2001 1813 2050 conse-

45 2068 184 2106 crare
205 2054 430 2104 diabolo,
498 2056 573 2105 At
599 2055 825 2105 honores
847 2057 1126 2120 promittit:
1162 2055 1342 2105 scilicet
1368 2073 1613 2124 magnum
1634 2065 1813 2120 inane,

45 2121 99 2170 ὅ(
118 2118 305 2184 grande
323 2116 479 2170 nihils
514 2118 636 2179 quid
656 2121 795 2167 enim
819 2119 1003 2184 sceptra
1031 2152 1044 2173 ‚
1079 2117 1168 2168 nifi
1192 2135 1349 2170 aurcae
1372 2125 1815 2191 compedes?quid

48 2195 266 2248 purpura
301 2213 315 2234 ‚
350 2180 438 2231 nisi
477 2179 677 2229 miseriae
712 2183 1101 2245 tegumentum?
1136 2186 1192 2229 In
1227 2198 1440 2232 momento
1476 2184 1813 2242 ostenduntur
1846 2169 2015 2216 Mdffl'·

47 2247 192 2293 mundi
208 2247 431 2305 Imperia.-
468 2247 522 2290 In
542 2257 777 2295 momento,
813 2248 930 2308 qnia
949 2245 1072 2294 dum
1095 2245 1326 2310 placenta
1362 2249 1643 2300 transeunt:
1682 2254 1810 2307 osten·
1907 2245 1953 2289 4·

42 2309 237 2359 dmum,
275 2309 391 2370 quia
413 2322 521 2355 non
548 2304 854 2371 possidentur
878 2327 887 2356 :
925 2324 1034 2371 quae
1057 2311 1231 2360 omnia
1251 2347 1265 2362 ,
1302 2310 1432 2363 bene
1450 2313 1485 2361 fi
1506 2313 1809 2366 noss'cntho-

0 2374 1 2417 ζ
46 2374 209 2422 mines
233 2402 247 2425 ‚
282 2368 1159 2437 pluracffentRegna‚quamRegeS.
1196 2372 1492 2426 AtDivitias
1507 2377 1806 2441 offert3quae

0 2444 4 2482 ,r
48 2445 99 2484 te
119 2448 392 2499 pauperem
412 2433 618 2483 faciant:
651 2447 778 2484 nam
799 2446 916 2484 toto
939 2448 1051 2500 eget
1076 2437 1278 2486 mundo
1299 2471 1312 2491 ‚
1348 2439 1485 2497 cujus
1519 2457 1627 2493 non
1648 2443 1809 2505 explet

1 2526 3 2551 z
49 2496 270 2548 mundus
291 2497 640 2562 cupiditatem:
677 2499 872 2546 animus
886 2498 1143 2562 quaerendi
1160 2501 1428 2564 cupiditate
1447 2507 1613 2554 anxius
1633 2536 1646 2558 ‚
1666 2507 1808 2554 amit-

50 2560 188 2617 tendi
229 2573 372 2613 metu
406 2560 706 2617 miserrimus
730 2593 746 2617 ,
780 2560 844 2612 ad
872 2577 1055 2677 οηέιεε
1083 2561 1297 2617 fortunae
1318 2566 1514 2626 nimias
1534 2565 1804 2634 expositus,

1301 2642 1304 2644 ’
1634 2644 1742 2695 quo
