2175 2911
956 139 1099 192 Atlas
1116 137 1440 201 Philosbpbicus.

1117 254 1274 301 Felix!

910 320 998 376 Qi
1018 330 1121 381 quot
1144 319 1267 362 videt
1285 317 1504 374 gramina,

944 380 1027 429 Tot
1047 381 1167 426 audit
1194 381 1451 424 monitores.-

835 446 920 503 Qi
940 457 1041 508 quot
1066 444 1202 489 cernit
1230 440 1430 487 arborum
1445 439 1574 498 folia,

800 507 884 556 Tot
906 509 1116 556 Creatoris
1135 505 1321 566 percipit
1348 504 1606 551 lzudatores.

1115 569 1259 616 Felix
1256 571 1269 600 Ι

793 636 878 695 Qi
906 635 1003 681 dum
1017 632 1262 694 solsequium
1288 630 1613 691 contemplatur,

957 696 1101 758 Solfhq
1096 698 1208 741 'tium
1228 696 1454 740 imitatur:

823 763 907 808 Illo
925 760 970 817 fle
993 770 1265 805 convertente
1294 759 1346 802 ad
1369 755 1587 808 Phoebum,

865 828 963 872 Hoc
972 824 1017 881 fle
1035 823 1232 869 elevante
1257 822 1311 866 ad
1338 823 1547 868 DEUM.

1134 884 1273 935 Felix,
1476 940 1481 946 ι

881 952 969 1009 Qui
995 950 1092 994 dum
1115 950 1207 1006 agit
1228 946 1538 1018 Philosophum,

964 1011 1230 1080 Theologum
1244 1012 1443 1067 patitur:

770 1074 857 1130 Qi
876 1074 974 1117 dum
1001 1086 1136 1115 novus
1154 1074 1198 1113 in
1225 1070 1362 1113 hortis
1387 1068 1583 1127 Astrolog
1584 1082 1649 1119 us,

820 1133 1136 1192 Contemplatur
1159 1128 1332 1180 coelestes
1352 1128 1552 1188 influxus,

1039 1195 1230 1241 Divinos
1241 1192 1389 1249 sentit.

959 1258 1073 1318 Qid
1099 1259 1255 1303 mirum
1274 1258 1446 1315 Ignati.
1435 1257 1457 1293 ἓ

769 1323 814 1370 Si
835 1334 960 1368 terrae
973 1323 1122 1367 Sidera
1153 1322 1196 1365 in
1220 1321 1370 1366 Coelum
1395 1332 1440 1366 te
1458 1323 1649 1380 rapiunt,

825 1385 925 1431 Cum
948 1397 1095 1437 terra,
1113 1384 1158 1429 in
1179 1398 1304 1445 quam
1329 1383 1519 1441 reversus
1538 1401 1595 1435 es,

758 1449 898 1496 Nova
911 1447 1006 1508 jam
1030 1444 1248 1498 terrestria
1262 1447 1472 1505 producat
1493 1448 1655 1500 Sidera,

1012 1507 1175 1568 Qibus
1194 1510 1246 1559 ad
1266 1510 1414 1556 Sidera

948 1572 1061 1620 Tuos
1083 1574 1227 1632 rapias
1247 1573 1478 1632 Nepotes?

875 1638 1059 1684 Felicem
1083 1648 1126 1681 te
1138 1635 1268 1695 fitpra
1287 1636 1523 1682 Phoenicem
1536 1639 1558 1684 Ι

987 1698 1172 1757 Qisuis
1200 1696 1425 1749 cineribus,

873 1762 1014 1810 Nova
1029 1761 1166 1821 genesi
1188 1763 1386 1821 producis
1395 1760 1554 1814 stellas,

747 1827 847 1887 Qae
865 1824 1062 1874 lucebunt
1089 1827 1133 1872 in
1145 1835 1376 1886 perpetuas
1394 1827 1698 1875 AEternitates.

870 2042 1556 2236 ηιξῗέἒέἒξῗξῇψ
