<?xml version="1.0" encoding="UTF-8"?>
<!DOCTYPE html PUBLIC "-//W3C//DTD XHTML 1.0 Transitional//EN"
    "http://www.w3.org/TR/xhtml1/DTD/xhtml1-transitional.dtd">
<html xmlns="http://www.w3.org/1999/xhtml" xml:lang="en" lang="en">
 <head>
  <title>
</title>
<meta http-equiv="Content-Type" content="text/html;charset=utf-8" />
  <meta name='ocr-system' content='tesseract 3.04.00' />
  <meta name='ocr-capabilities' content='ocr_page ocr_carea ocr_par ocr_line ocrx_word'/>
</head>
<body>
  <div class='ocr_page' id='page_1' title='image "./nostritemporisph00schw/nostritemporisph00schw_0470.png"; bbox 0 0 2175 2911; ppageno 0'>
   <div class='ocr_carea' id='block_1_1' title="bbox 408 114 1406 178">
    <p class='ocr_par' dir='ltr' id='par_1_1' title="bbox 408 114 1406 178">
     <span class='ocr_line' id='line_1_1' title="bbox 408 114 1406 178; baseline 0.003 -14"><span class='ocrx_word' id='word_1_1' title='bbox 408 133 426 164; x_wconf 86' lang='lat'>1</span> <span class='ocrx_word' id='word_1_2' title='bbox 437 121 498 176; x_wconf 80' lang='lat'>78</span> <span class='ocrx_word' id='word_1_3' title='bbox 1012 116 1207 166; x_wconf 82' lang='lat' dir='ltr'><em>Ariadne</em></span> <span class='ocrx_word' id='word_1_4' title='bbox 1216 114 1406 178; x_wconf 67' lang='lat' dir='ltr'>Physica·</span> 
     </span>
    </p>
   </div>
   <div class='ocr_carea' id='block_1_2' title="bbox 77 202 2090 1846">
    <p class='ocr_par' dir='ltr' id='par_1_2' title="bbox 336 202 2081 270">
     <span class='ocr_line' id='line_1_2' title="bbox 336 202 2081 270; baseline -0.002 -12"><span class='ocrx_word' id='word_1_5' title='bbox 336 205 414 258; x_wconf 73' lang='lat' dir='ltr'>tus</span> <span class='ocrx_word' id='word_1_6' title='bbox 436 219 483 256; x_wconf 90' lang='lat' dir='ltr'>te</span> <span class='ocrx_word' id='word_1_7' title='bbox 504 203 595 258; x_wconf 66' lang='lat' dir='ltr'>fil&amp;</span> <span class='ocrx_word' id='word_1_8' title='bbox 618 203 1034 263; x_wconf 83' lang='lat' dir='ltr'>destituam,seito</span> <span class='ocrx_word' id='word_1_9' title='bbox 1053 209 1256 257; x_wconf 86' lang='lat' dir='ltr'>virtutes</span> <span class='ocrx_word' id='word_1_10' title='bbox 1281 207 1504 257; x_wconf 87' lang='lat' dir='ltr'>fontium</span> <span class='ocrx_word' id='word_1_11' title='bbox 1529 204 1802 270; x_wconf 78' lang='lat' dir='ltr'>paradoxas</span> <span class='ocrx_word' id='word_1_12' title='bbox 1820 202 1848 255; x_wconf 81' lang='grc' dir='ltr'>ὲ</span> <span class='ocrx_word' id='word_1_13' title='bbox 1868 204 2081 262; x_wconf 73' lang='lat' dir='ltr'>diversis.</span> 
     </span>
    </p>

    <p class='ocr_par' dir='ltr' id='par_1_3' title="bbox 338 268 2087 337">
     <span class='ocr_line' id='line_1_3' title="bbox 338 268 2087 337; baseline -0.001 -18"><span class='ocrx_word' id='word_1_14' title='bbox 338 269 565 320; x_wconf 89' lang='lat' dir='ltr'>fontibus</span> <span class='ocrx_word' id='word_1_15' title='bbox 587 272 721 321; x_wconf 86' lang='lat' dir='ltr'>suam</span> <span class='ocrx_word' id='word_1_16' title='bbox 743 271 938 321; x_wconf 89' lang='lat' dir='ltr'>haurire</span> <span class='ocrx_word' id='word_1_17' title='bbox 960 273 1226 337; x_wconf 84' lang='lat' dir='ltr'><strong>originem.</strong></span> <span class='ocrx_word' id='word_1_18' title='bbox 1267 273 1422 320; x_wconf 90' lang='lat' dir='ltr'>Nunc</span> <span class='ocrx_word' id='word_1_19' title='bbox 1442 272 1633 320; x_wconf 87' lang='lat' dir='ltr'>variant</span> <span class='ocrx_word' id='word_1_20' title='bbox 1652 271 1818 314; x_wconf 82' lang='lat' dir='ltr'>ratione</span> <span class='ocrx_word' id='word_1_21' title='bbox 1841 270 1922 315; x_wconf 86' lang='lat' dir='ltr'>loci</span> <span class='ocrx_word' id='word_1_22' title='bbox 1933 287 1944 314; x_wconf 90' lang='grc'>.-</span> <span class='ocrx_word' id='word_1_23' title='bbox 1967 268 2087 318; x_wconf 83' lang='lat' dir='ltr'>hine</span> 
     </span>
    </p>

    <p class='ocr_par' dir='ltr' id='par_1_4' title="bbox 341 332 2085 398">
     <span class='ocr_line' id='line_1_4' title="bbox 341 332 2085 398; baseline -0.002 -14"><span class='ocrx_word' id='word_1_24' title='bbox 341 335 435 384; x_wconf 84' lang='lat' dir='ltr'>alia</span> <span class='ocrx_word' id='word_1_25' title='bbox 464 351 592 398; x_wconf 87' lang='lat' dir='ltr'>aqua</span> <span class='ocrx_word' id='word_1_26' title='bbox 618 332 687 384; x_wconf 88' lang='lat' dir='ltr'>est</span> <span class='ocrx_word' id='word_1_27' title='bbox 719 336 959 390; x_wconf 84' lang='lat' dir='ltr'>fontana,</span> <span class='ocrx_word' id='word_1_28' title='bbox 989 337 1081 384; x_wconf 89' lang='lat' dir='ltr'>alia</span> <span class='ocrx_word' id='word_1_29' title='bbox 1116 334 1386 387; x_wconf 83' lang='lat' dir='ltr'>fluviatilis,</span> <span class='ocrx_word' id='word_1_30' title='bbox 1407 333 1486 383; x_wconf 91' lang='lat' dir='ltr'>vel</span> <span class='ocrx_word' id='word_1_31' title='bbox 1512 333 1732 381; x_wconf 89' lang='lat' dir='ltr'>marina:</span> <span class='ocrx_word' id='word_1_32' title='bbox 1764 347 1899 380; x_wconf 90' lang='lat' dir='ltr'>nunc</span> <span class='ocrx_word' id='word_1_33' title='bbox 1933 334 2085 380; x_wconf 72' lang='lat' dir='ltr'>vIrtu-</span> 
     </span>
    </p>

    <p class='ocr_par' dir='ltr' id='par_1_5' title="bbox 341 395 2090 463">
     <span class='ocr_line' id='line_1_5' title="bbox 341 395 2090 463; baseline -0.002 -17"><span class='ocrx_word' id='word_1_34' title='bbox 341 409 446 446; x_wconf 87' lang='lat' dir='ltr'>tem</span> <span class='ocrx_word' id='word_1_35' title='bbox 475 412 673 448; x_wconf 89' lang='lat' dir='ltr'>mutant</span> <span class='ocrx_word' id='word_1_36' title='bbox 693 399 912 448; x_wconf 84' lang='lat' dir='ltr'>admixta</span> <span class='ocrx_word' id='word_1_37' title='bbox 932 398 1220 463; x_wconf 87' lang='lat' dir='ltr'>corpuscula</span> <span class='ocrx_word' id='word_1_38' title='bbox 1235 430 1248 451; x_wconf 84' lang='grc'>,</span> <span class='ocrx_word' id='word_1_39' title='bbox 1268 399 1318 446; x_wconf 71' lang='lat'>6&lt;</span> <span class='ocrx_word' id='word_1_40' title='bbox 1340 397 1623 458; x_wconf 84' lang='lat' dir='ltr'>qualitates,</span> <span class='ocrx_word' id='word_1_41' title='bbox 1645 410 1765 457; x_wconf 87' lang='lat' dir='ltr'>quas</span> <span class='ocrx_word' id='word_1_42' title='bbox 1788 398 1916 443; x_wconf 90' lang='lat' dir='ltr'>inter</span> <span class='ocrx_word' id='word_1_43' title='bbox 1943 395 2090 458; x_wconf 87' lang='lat' dir='ltr'>pluri-</span> 
     </span>
    </p>

    <p class='ocr_par' dir='ltr' id='par_1_6' title="bbox 337 458 2090 587">
     <span class='ocr_line' id='line_1_6' title="bbox 338 458 2088 522; baseline -0.002 -12"><span class='ocrx_word' id='word_1_44' title='bbox 338 477 435 510; x_wconf 86' lang='lat' dir='ltr'>mae</span> <span class='ocrx_word' id='word_1_45' title='bbox 467 464 614 510; x_wconf 90' lang='lat' dir='ltr'>nobis</span> <span class='ocrx_word' id='word_1_46' title='bbox 639 463 875 510; x_wconf 86' lang='lat' dir='ltr'>occultae:</span> <span class='ocrx_word' id='word_1_47' title='bbox 911 461 1027 510; x_wconf 90' lang='lat' dir='ltr'>hinc</span> <span class='ocrx_word' id='word_1_48' title='bbox 1060 462 1163 509; x_wconf 83' lang='lat' dir='ltr'>aliae</span> <span class='ocrx_word' id='word_1_49' title='bbox 1195 476 1333 522; x_wconf 79' lang='lat' dir='ltr'>aqua:</span> <span class='ocrx_word' id='word_1_50' title='bbox 1364 459 1601 512; x_wconf 83' lang='lat' dir='ltr'><strong>salubres,</strong></span> <span class='ocrx_word' id='word_1_51' title='bbox 1628 460 1730 507; x_wconf 83' lang='lat' dir='ltr'>aliae</span> <span class='ocrx_word' id='word_1_52' title='bbox 1756 458 2088 512; x_wconf 86' lang='lat' dir='ltr'>metalliferae,</span> 
     </span>
     <span class='ocr_line' id='line_1_7' title="bbox 337 520 2090 587; baseline -0.002 -14"><span class='ocrx_word' id='word_1_53' title='bbox 337 528 593 587; x_wconf 82' lang='lat' dir='ltr'>quamvis,</span> <span class='ocrx_word' id='word_1_54' title='bbox 619 542 700 573; x_wconf 91' lang='lat' dir='ltr'>me</span> <span class='ocrx_word' id='word_1_55' title='bbox 719 525 923 583; x_wconf 80' lang='lat' dir='ltr'>judice,</span> <span class='ocrx_word' id='word_1_56' title='bbox 947 524 1050 574; x_wconf 85' lang='lat' dir='ltr'>haec</span> <span class='ocrx_word' id='word_1_57' title='bbox 1078 537 1184 574; x_wconf 89' lang='lat' dir='ltr'>tota</span> <span class='ocrx_word' id='word_1_58' title='bbox 1218 522 1465 572; x_wconf 82' lang='lat' dir='ltr'>diversitas</span> <span class='ocrx_word' id='word_1_59' title='bbox 1491 523 1518 571; x_wconf 75' lang='lat' dir='ltr'>a</span> <span class='ocrx_word' id='word_1_60' title='bbox 1539 520 1736 572; x_wconf 80' lang='lat' dir='ltr'>diverfis</span> <span class='ocrx_word' id='word_1_61' title='bbox 1758 533 1895 569; x_wconf 83' lang='lat' dir='ltr'>terrae</span> <span class='ocrx_word' id='word_1_62' title='bbox 1919 524 2090 570; x_wconf 89' lang='lat' dir='ltr'>meati-</span> 
     </span>
    </p>

    <p class='ocr_par' dir='ltr' id='par_1_7' title="bbox 336 584 2088 653">
     <span class='ocr_line' id='line_1_8' title="bbox 336 584 2088 653; baseline -0.003 -16"><span class='ocrx_word' id='word_1_63' title='bbox 336 588 428 637; x_wconf 87' lang='lat' dir='ltr'>bus</span> <span class='ocrx_word' id='word_1_64' title='bbox 443 621 455 641; x_wconf 87' lang='lat'>‚</span> <span class='ocrx_word' id='word_1_65' title='bbox 477 605 562 653; x_wconf 92' lang='lat' dir='ltr'>per</span> <span class='ocrx_word' id='word_1_66' title='bbox 588 604 718 651; x_wconf 79' lang='lat' dir='ltr'>qtros</span> <span class='ocrx_word' id='word_1_67' title='bbox 746 587 999 642; x_wconf 83' lang='lat' dir='ltr'>desudant,</span> <span class='ocrx_word' id='word_1_68' title='bbox 1027 604 1084 637; x_wconf 90' lang='lat' dir='ltr'>ac</span> <span class='ocrx_word' id='word_1_69' title='bbox 1106 587 1334 635; x_wconf 84' lang='lat' dir='ltr'>defluunt</span> <span class='ocrx_word' id='word_1_70' title='bbox 1355 587 1548 640; x_wconf 79' lang='lat' dir='ltr'>latices,</span> <span class='ocrx_word' id='word_1_71' title='bbox 1568 585 1816 648; x_wconf 78' lang='lat' dir='ltr'>originem</span> <span class='ocrx_word' id='word_1_72' title='bbox 1839 584 2088 648; x_wconf 86' lang='lat' dir='ltr'>plerumq;</span> 
     </span>
    </p>

    <p class='ocr_par' dir='ltr' id='par_1_8' title="bbox 334 647 2086 715">
     <span class='ocr_line' id='line_1_9' title="bbox 334 647 2086 715; baseline -0.003 -16"><span class='ocrx_word' id='word_1_73' title='bbox 334 651 530 699; x_wconf 82' lang='lat' dir='ltr'>trahere</span> <span class='ocrx_word' id='word_1_74' title='bbox 549 652 801 700; x_wconf 89' lang='lat' dir='ltr'>videatur:</span> <span class='ocrx_word' id='word_1_75' title='bbox 831 651 895 700; x_wconf 84' lang='lat' dir='ltr'>fic</span> <span class='ocrx_word' id='word_1_76' title='bbox 908 667 1035 715; x_wconf 88' lang='lat' dir='ltr'>aqua</span> <span class='ocrx_word' id='word_1_77' title='bbox 1049 653 1356 714; x_wconf 84' lang='lat' dir='ltr'>marina‚per</span> <span class='ocrx_word' id='word_1_78' title='bbox 1375 651 1606 699; x_wconf 88' lang='lat' dir='ltr'>occultos</span> <span class='ocrx_word' id='word_1_79' title='bbox 1637 662 1773 695; x_wconf 86' lang='lat' dir='ltr'>terrae</span> <span class='ocrx_word' id='word_1_80' title='bbox 1796 647 2086 697; x_wconf 84' lang='lat' dir='ltr'>Maeandros</span> 
     </span>
    </p>

    <p class='ocr_par' dir='ltr' id='par_1_9' title="bbox 328 711 2088 894">
     <span class='ocr_line' id='line_1_10' title="bbox 334 711 2087 779; baseline -0.002 -17"><span class='ocrx_word' id='word_1_81' title='bbox 334 714 554 778; x_wconf 87' lang='lat' dir='ltr'>denique</span> <span class='ocrx_word' id='word_1_82' title='bbox 581 716 862 779; x_wconf 83' lang='lat' dir='ltr'>percolata,</span> <span class='ocrx_word' id='word_1_83' title='bbox 882 717 1061 763; x_wconf 84' lang='lat' dir='ltr'>amittit</span> <span class='ocrx_word' id='word_1_84' title='bbox 1084 714 1396 767; x_wconf 75' lang='lat' dir='ltr'>salsedinem,</span> <span class='ocrx_word' id='word_1_85' title='bbox 1420 722 1477 762; x_wconf 84' lang='lat' dir='ltr'>ac</span> <span class='ocrx_word' id='word_1_86' title='bbox 1509 716 1561 762; x_wconf 88' lang='lat' dir='ltr'>in</span> <span class='ocrx_word' id='word_1_87' title='bbox 1586 713 1853 760; x_wconf 80' lang='lat' dir='ltr'>fontanam</span> <span class='ocrx_word' id='word_1_88' title='bbox 1885 711 2087 761; x_wconf 82' lang='lat' dir='ltr'>dulcem</span> 
     </span>
     <span class='ocr_line' id='line_1_11' title="bbox 333 772 2088 842; baseline -0.002 -17"><span class='ocrx_word' id='word_1_89' title='bbox 333 777 626 842; x_wconf 80' lang='lat' dir='ltr'>degenerat:</span> <span class='ocrx_word' id='word_1_90' title='bbox 663 778 726 826; x_wconf 81' lang='lat' dir='ltr'>sic</span> <span class='ocrx_word' id='word_1_91' title='bbox 746 793 855 840; x_wconf 68' lang='lat' dir='ltr'>quae</span> <span class='ocrx_word' id='word_1_92' title='bbox 883 778 989 827; x_wconf 87' lang='lat' dir='ltr'>fluit</span> <span class='ocrx_word' id='word_1_93' title='bbox 1022 793 1105 841; x_wconf 91' lang='lat' dir='ltr'>per</span> <span class='ocrx_word' id='word_1_94' title='bbox 1140 778 1268 826; x_wconf 88' lang='lat' dir='ltr'>Auri</span> <span class='ocrx_word' id='word_1_95' title='bbox 1305 779 1558 829; x_wconf 77' lang='lat' dir='ltr'>matrices,</span> <span class='ocrx_word' id='word_1_96' title='bbox 1579 777 1817 823; x_wconf 84' lang='lat' dir='ltr'>virtutem</span> <span class='ocrx_word' id='word_1_97' title='bbox 1851 772 1998 821; x_wconf 85' lang='lat' dir='ltr'>trahit</span> <span class='ocrx_word' id='word_1_98' title='bbox 2025 774 2088 824; x_wconf 88' lang='lat' dir='ltr'>ab</span> 
     </span>
     <span class='ocr_line' id='line_1_12' title="bbox 328 836 2087 894; baseline -0.003 -3"><span class='ocrx_word' id='word_1_99' title='bbox 328 842 603 893; x_wconf 82' lang='lat' dir='ltr'>Auro,alia</span> <span class='ocrx_word' id='word_1_100' title='bbox 633 844 757 890; x_wconf 89' lang='lat' dir='ltr'>vires</span> <span class='ocrx_word' id='word_1_101' title='bbox 776 841 838 890; x_wconf 91' lang='lat' dir='ltr'>ab</span> <span class='ocrx_word' id='word_1_102' title='bbox 856 842 956 890; x_wconf 88' lang='lat' dir='ltr'>alio</span> <span class='ocrx_word' id='word_1_103' title='bbox 977 841 1202 894; x_wconf 86' lang='lat' dir='ltr'>metallo,</span> <span class='ocrx_word' id='word_1_104' title='bbox 1225 840 1307 888; x_wconf 87' lang='lat' dir='ltr'>vel</span> <span class='ocrx_word' id='word_1_105' title='bbox 1328 840 1493 890; x_wconf 89' lang='lat' dir='ltr'>succo.</span> <span class='ocrx_word' id='word_1_106' title='bbox 1541 841 1620 888; x_wconf 88' lang='lat' dir='ltr'>Sic</span> <span class='ocrx_word' id='word_1_107' title='bbox 1641 840 1692 885; x_wconf 89' lang='lat' dir='ltr'>in</span> <span class='ocrx_word' id='word_1_108' title='bbox 1711 838 1912 884; x_wconf 85' lang='lat' dir='ltr'>mineris</span> <span class='ocrx_word' id='word_1_109' title='bbox 1929 836 2087 886; x_wconf 89' lang='lat' dir='ltr'>diver-</span> 
     </span>
    </p>

    <p class='ocr_par' dir='ltr' id='par_1_10' title="bbox 328 899 2089 969">
     <span class='ocr_line' id='line_1_13' title="bbox 328 899 2089 969; baseline -0.003 -16"><span class='ocrx_word' id='word_1_110' title='bbox 328 907 408 953; x_wconf 90' lang='lat' dir='ltr'>sos</span> <span class='ocrx_word' id='word_1_111' title='bbox 428 905 546 969; x_wconf 87' lang='lat' dir='ltr'>saepe</span> <span class='ocrx_word' id='word_1_112' title='bbox 565 904 740 953; x_wconf 86' lang='lat' dir='ltr'>halitus</span> <span class='ocrx_word' id='word_1_113' title='bbox 760 905 985 958; x_wconf 84' lang='lat' dir='ltr'>attrahit,</span> <span class='ocrx_word' id='word_1_114' title='bbox 1022 899 1286 966; x_wconf 74' lang='lat' dir='ltr'>induitque</span> <span class='ocrx_word' id='word_1_115' title='bbox 1310 906 1465 952; x_wconf 84' lang='lat' dir='ltr'>varias</span> <span class='ocrx_word' id='word_1_116' title='bbox 1477 903 1804 966; x_wconf 84' lang='lat' dir='ltr'>proprietates</span> <span class='ocrx_word' id='word_1_117' title='bbox 1825 916 1839 951; x_wconf 83' lang='lat'>3</span> <span class='ocrx_word' id='word_1_118' title='bbox 1873 900 1995 964; x_wconf 85' lang='lat' dir='ltr'>saepe</span> <span class='ocrx_word' id='word_1_119' title='bbox 2009 916 2089 950; x_wconf 83' lang='lat' dir='ltr'>ca·-</span> 
     </span>
    </p>

    <p class='ocr_par' dir='ltr' id='par_1_11' title="bbox 329 960 2085 1030">
     <span class='ocr_line' id='line_1_14' title="bbox 329 960 2085 1030; baseline -0.001 -16"><span class='ocrx_word' id='word_1_120' title='bbox 329 966 427 1015; x_wconf 84' lang='lat' dir='ltr'>lida</span> <span class='ocrx_word' id='word_1_121' title='bbox 444 983 528 1030; x_wconf 89' lang='lat' dir='ltr'>per</span> <span class='ocrx_word' id='word_1_122' title='bbox 552 967 898 1021; x_wconf 81' lang='lat' dir='ltr'>subterraneos</span> <span class='ocrx_word' id='word_1_123' title='bbox 918 970 1055 1029; x_wconf 89' lang='lat' dir='ltr'>ignes</span> <span class='ocrx_word' id='word_1_124' title='bbox 1070 999 1085 1019; x_wconf 79' lang='lat'>,</span> <span class='ocrx_word' id='word_1_125' title='bbox 1119 966 1240 1029; x_wconf 87' lang='lat' dir='ltr'>saepe</span> <span class='ocrx_word' id='word_1_126' title='bbox 1262 967 1436 1028; x_wconf 87' lang='lat' dir='ltr'>frigida</span> <span class='ocrx_word' id='word_1_127' title='bbox 1458 965 1643 1013; x_wconf 91' lang='lat' dir='ltr'>eodem</span> <span class='ocrx_word' id='word_1_128' title='bbox 1666 960 1826 1012; x_wconf 67' lang='lat' dir='ltr'>‘eloco</span> <span class='ocrx_word' id='word_1_129' title='bbox 1842 965 2085 1025; x_wconf 82' lang='lat' dir='ltr'>erumpit:</span> 
     </span>
    </p>

    <p class='ocr_par' dir='ltr' id='par_1_12' title="bbox 256 1025 2086 1088">
     <span class='ocr_line' id='line_1_15' title="bbox 256 1025 2086 1088; baseline -0.003 -11"><span class='ocrx_word' id='word_1_130' title='bbox 256 1041 261 1045; x_wconf 89' lang='grc'><em>·</em></span> <span class='ocrx_word' id='word_1_131' title='bbox 328 1044 466 1078; x_wconf 91' lang='lat' dir='ltr'>nunc</span> <span class='ocrx_word' id='word_1_132' title='bbox 489 1029 711 1080; x_wconf 86' lang='lat' dir='ltr'>salubris,</span> <span class='ocrx_word' id='word_1_133' title='bbox 738 1044 872 1075; x_wconf 89' lang='lat' dir='ltr'>nunc</span> <span class='ocrx_word' id='word_1_134' title='bbox 894 1032 1071 1078; x_wconf 86' lang='lat' dir='ltr'>noxia,</span> <span class='ocrx_word' id='word_1_135' title='bbox 1102 1039 1254 1087; x_wconf 88' lang='lat' dir='ltr'>prout</span> <span class='ocrx_word' id='word_1_136' title='bbox 1283 1042 1468 1088; x_wconf 87' lang='lat' dir='ltr'>nempe</span> <span class='ocrx_word' id='word_1_137' title='bbox 1501 1042 1587 1087; x_wconf 89' lang='lat' dir='ltr'>per</span> <span class='ocrx_word' id='word_1_138' title='bbox 1618 1025 1834 1073; x_wconf 90' lang='lat' dir='ltr'>diversos</span> <span class='ocrx_word' id='word_1_139' title='bbox 1862 1029 2086 1080; x_wconf 88' lang='lat' dir='ltr'>canales,</span> 
     </span>
    </p>

    <p class='ocr_par' dir='ltr' id='par_1_13' title="bbox 329 1084 2087 1151">
     <span class='ocr_line' id='line_1_16' title="bbox 329 1084 2087 1151; baseline -0.007 -10"><span class='ocrx_word' id='word_1_140' title='bbox 329 1094 379 1141; x_wconf 71' lang='grc' dir='ltr'>ὃ(</span> <span class='ocrx_word' id='word_1_141' title='bbox 400 1093 499 1140; x_wconf 85' lang='lat' dir='ltr'>vias</span> <span class='ocrx_word' id='word_1_142' title='bbox 523 1091 584 1138; x_wconf 90' lang='lat' dir='ltr'>ad</span> <span class='ocrx_word' id='word_1_143' title='bbox 604 1091 739 1138; x_wconf 89' lang='lat' dir='ltr'>idem</span> <span class='ocrx_word' id='word_1_144' title='bbox 773 1085 958 1136; x_wconf 87' lang='lat' dir='ltr'>ostium</span> <span class='ocrx_word' id='word_1_145' title='bbox 996 1089 1147 1134; x_wconf 87' lang='lat' dir='ltr'>currit</span> <span class='ocrx_word' id='word_1_146' title='bbox 1168 1118 1180 1138; x_wconf 87' lang='lat'>‚</span> <span class='ocrx_word' id='word_1_147' title='bbox 1216 1085 1315 1134; x_wconf 84' lang='lat' dir='ltr'>five</span> <span class='ocrx_word' id='word_1_148' title='bbox 1346 1086 1621 1135; x_wconf 85' lang='lat' dir='ltr'>devehitur.</span> <span class='ocrx_word' id='word_1_149' title='bbox 1732 1084 1901 1133; x_wconf 89' lang='lat' dir='ltr'>Habes</span> <span class='ocrx_word' id='word_1_150' title='bbox 1939 1090 2087 1151; x_wconf 80' lang='lat' dir='ltr'>origi-</span> 
     </span>
    </p>

    <p class='ocr_par' dir='ltr' id='par_1_14' title="bbox 328 1146 2086 1215">
     <span class='ocr_line' id='line_1_17' title="bbox 328 1146 2086 1215; baseline -0.006 -13"><span class='ocrx_word' id='word_1_151' title='bbox 328 1169 448 1201; x_wconf 91' lang='lat' dir='ltr'>nem</span> <span class='ocrx_word' id='word_1_152' title='bbox 464 1187 475 1206; x_wconf 85' lang='lat'>,</span> <span class='ocrx_word' id='word_1_153' title='bbox 499 1150 525 1201; x_wconf 82' lang='grc' dir='ltr'>ὲ</span> <span class='ocrx_word' id='word_1_154' title='bbox 549 1168 646 1215; x_wconf 83' lang='lat' dir='ltr'>qua</span> <span class='ocrx_word' id='word_1_155' title='bbox 669 1154 719 1198; x_wconf 90' lang='lat' dir='ltr'>in</span> <span class='ocrx_word' id='word_1_156' title='bbox 744 1151 911 1198; x_wconf 88' lang='lat' dir='ltr'>fontes</span> <span class='ocrx_word' id='word_1_157' title='bbox 931 1160 1237 1214; x_wconf 81' lang='lat' dir='ltr'>promanant</span> <span class='ocrx_word' id='word_1_158' title='bbox 1258 1150 1461 1198; x_wconf 88' lang='lat' dir='ltr'>virtutes</span> <span class='ocrx_word' id='word_1_159' title='bbox 1481 1146 1611 1198; x_wconf 81' lang='lat' dir='ltr'>adeo</span> <span class='ocrx_word' id='word_1_160' title='bbox 1637 1146 1833 1197; x_wconf 83' lang='lat' dir='ltr'>diversae</span> <span class='ocrx_word' id='word_1_161' title='bbox 1864 1180 1879 1202; x_wconf 83' lang='lat'>‚</span> <span class='ocrx_word' id='word_1_162' title='bbox 1931 1163 1987 1197; x_wconf 89' lang='lat' dir='ltr'>ac</span> <span class='ocrx_word' id='word_1_163' title='bbox 2005 1165 2086 1214; x_wconf 79' lang='lat' dir='ltr'>pa-</span> 
     </span>
    </p>

    <p class='ocr_par' dir='ltr' id='par_1_15' title="bbox 77 1210 2086 1656">
     <span class='ocr_line' id='line_1_18' title="bbox 83 1210 2086 1276; baseline -0.002 -11"><span class='ocrx_word' id='word_1_164' title='bbox 83 1217 236 1265; x_wconf 78' lang='lat' dir='ltr'>Bc&#39;der-</span> <span class='ocrx_word' id='word_1_165' title='bbox 327 1217 543 1264; x_wconf 82' lang='lat' dir='ltr'>radoxae.</span> <span class='ocrx_word' id='word_1_166' title='bbox 611 1216 690 1264; x_wconf 89' lang='lat' dir='ltr'>Sic</span> <span class='ocrx_word' id='word_1_167' title='bbox 711 1214 829 1263; x_wconf 88' lang='lat' dir='ltr'>levis</span> <span class='ocrx_word' id='word_1_168' title='bbox 849 1215 1144 1274; x_wconf 81' lang='lat' dir='ltr'>neutiquam</span> <span class='ocrx_word' id='word_1_169' title='bbox 1163 1210 1280 1259; x_wconf 86' lang='lat' dir='ltr'>fidei</span> <span class='ocrx_word' id='word_1_170' title='bbox 1300 1211 1560 1261; x_wconf 79' lang='lat' dir='ltr'>Authores</span> <span class='ocrx_word' id='word_1_171' title='bbox 1590 1211 1813 1260; x_wconf 89' lang='lat' dir='ltr'>referunt</span> <span class='ocrx_word' id='word_1_172' title='bbox 1839 1243 1852 1265; x_wconf 82' lang='lat'>,</span> <span class='ocrx_word' id='word_1_173' title='bbox 1887 1215 2086 1276; x_wconf 85' lang='lat' dir='ltr'>reperiri</span> 
     </span>
     <span class='ocr_line' id='line_1_19' title="bbox 79 1274 2084 1340; baseline 0 -15"><span class='ocrx_word' id='word_1_174' title='bbox 79 1295 194 1325; x_wconf 82' lang='lat' dir='ltr'>man.</span> <span class='ocrx_word' id='word_1_175' title='bbox 225 1280 269 1324; x_wconf 85' lang='lat' dir='ltr'>in</span> <span class='ocrx_word' id='word_1_176' title='bbox 328 1280 523 1332; x_wconf 82' lang='lat' dir='ltr'>fontes,</span> <span class='ocrx_word' id='word_1_177' title='bbox 561 1275 587 1326; x_wconf 82' lang='grc' dir='ltr'>ὲ</span> <span class='ocrx_word' id='word_1_178' title='bbox 613 1277 794 1340; x_wconf 86' lang='lat' dir='ltr'>quibus</span> <span class='ocrx_word' id='word_1_179' title='bbox 810 1289 913 1325; x_wconf 84' lang='lat' dir='ltr'>tam</span> <span class='ocrx_word' id='word_1_180' title='bbox 936 1275 1212 1340; x_wconf 88' lang='lat' dir='ltr'>periculum</span> <span class='ocrx_word' id='word_1_181' title='bbox 1233 1278 1343 1324; x_wconf 83' lang='lat' dir='ltr'>vitae</span> <span class='ocrx_word' id='word_1_182' title='bbox 1373 1309 1387 1330; x_wconf 86' lang='lat'>‚</span> <span class='ocrx_word' id='word_1_183' title='bbox 1424 1274 1577 1339; x_wconf 73' lang='lat' dir='ltr'>quani</span> <span class='ocrx_word' id='word_1_184' title='bbox 1602 1276 1781 1324; x_wconf 88' lang='lat' dir='ltr'>mortis</span> <span class='ocrx_word' id='word_1_185' title='bbox 1800 1276 2084 1327; x_wconf 89' lang='lat' dir='ltr'>remedium</span> 
     </span>
     <span class='ocr_line' id='line_1_20' title="bbox 81 1335 2085 1406; baseline 0.002 -21"><span class='ocrx_word' id='word_1_186' title='bbox 81 1344 223 1400; x_wconf 78' lang='lat' dir='ltr'>Agon.</span> <span class='ocrx_word' id='word_1_187' title='bbox 248 1341 279 1388; x_wconf 89' lang='lat' dir='ltr'>l.</span> <span class='ocrx_word' id='word_1_188' title='bbox 328 1343 646 1406; x_wconf 84' lang='lat' dir='ltr'>propinatur:</span> <span class='ocrx_word' id='word_1_189' title='bbox 683 1356 801 1390; x_wconf 90' lang='lat' dir='ltr'>nam</span> <span class='ocrx_word' id='word_1_190' title='bbox 822 1341 897 1396; x_wconf 80' lang='lat' dir='ltr'>alii</span> <span class='ocrx_word' id='word_1_191' title='bbox 919 1342 998 1389; x_wconf 81' lang='lat' dir='ltr'>vix</span> <span class='ocrx_word' id='word_1_192' title='bbox 1022 1338 1288 1393; x_wconf 84' lang='lat' dir='ltr'>bibuntur,</span> <span class='ocrx_word' id='word_1_193' title='bbox 1326 1342 1375 1389; x_wconf 86' lang='lat'>&amp;</span> <span class='ocrx_word' id='word_1_194' title='bbox 1399 1335 1426 1387; x_wconf 81' lang='grc' dir='ltr'>ὲ</span> <span class='ocrx_word' id='word_1_195' title='bbox 1451 1335 1660 1402; x_wconf 86' lang='lat' dir='ltr'>vestigio</span> <span class='ocrx_word' id='word_1_196' title='bbox 1682 1340 2085 1391; x_wconf 77' lang='lat' dir='ltr'>necant‚nullius</span> 
     </span>
     <span class='ocr_line' id='line_1_21' title="bbox 84 1401 2086 1466; baseline 0.001 -16"><span class='ocrx_word' id='word_1_197' title='bbox 84 1407 299 1461; x_wconf 80' lang='lat' dir='ltr'>1.c.7,ci-</span> <span class='ocrx_word' id='word_1_198' title='bbox 327 1407 526 1455; x_wconf 86' lang='lat' dir='ltr'>interim</span> <span class='ocrx_word' id='word_1_199' title='bbox 559 1420 653 1453; x_wconf 83' lang='lat' dir='ltr'>nec</span> <span class='ocrx_word' id='word_1_200' title='bbox 686 1403 875 1453; x_wconf 88' lang='lat' dir='ltr'>doloris</span> <span class='ocrx_word' id='word_1_201' title='bbox 908 1401 1200 1453; x_wconf 83' lang='lat' dir='ltr'>-Authores‚</span> <span class='ocrx_word' id='word_1_202' title='bbox 1239 1418 1332 1450; x_wconf 89' lang='lat' dir='ltr'>nec</span> <span class='ocrx_word' id='word_1_203' title='bbox 1370 1402 1576 1459; x_wconf 80' lang='lat' dir='ltr'>remedii</span> <span class='ocrx_word' id='word_1_204' title='bbox 1602 1403 1859 1466; x_wconf 78' lang='lat' dir='ltr'>patientes,</span> <span class='ocrx_word' id='word_1_205' title='bbox 1957 1402 2086 1460; x_wconf 76' lang='lat' dir='ltr'>Aliis</span> 
     </span>
     <span class='ocr_line' id='line_1_22' title="bbox 77 1460 2086 1520; baseline -0.002 -5"><span class='ocrx_word' id='word_1_206' title='bbox 77 1480 174 1514; x_wconf 76' lang='lat' dir='ltr'>tans</span> <span class='ocrx_word' id='word_1_207' title='bbox 194 1471 300 1515; x_wconf 71' lang='lat' dir='ltr'>Au-</span> <span class='ocrx_word' id='word_1_208' title='bbox 328 1466 452 1519; x_wconf 79' lang='lat' dir='ltr'>vero</span> <span class='ocrx_word' id='word_1_209' title='bbox 473 1483 593 1516; x_wconf 90' lang='lat' dir='ltr'>cum</span> <span class='ocrx_word' id='word_1_210' title='bbox 624 1483 738 1519; x_wconf 78' lang='lat' dir='ltr'>aves</span> <span class='ocrx_word' id='word_1_211' title='bbox 762 1479 1017 1515; x_wconf 87' lang='lat' dir='ltr'>emortuas</span> <span class='ocrx_word' id='word_1_212' title='bbox 1040 1465 1297 1513; x_wconf 79' lang='lat' dir='ltr'>immiseris</span> <span class='ocrx_word' id='word_1_213' title='bbox 1318 1499 1332 1520; x_wconf 92' lang='lat'>,</span> <span class='ocrx_word' id='word_1_214' title='bbox 1384 1466 1604 1513; x_wconf 59' lang='lat' dir='ltr'>extinstae</span> <span class='ocrx_word' id='word_1_215' title='bbox 1628 1460 1877 1513; x_wconf 78' lang='lat' dir='ltr'>continuo</span> <span class='ocrx_word' id='word_1_216' title='bbox 1908 1468 2086 1516; x_wconf 59' lang='lat' dir='ltr'>revivi-</span> 
     </span>
     <span class='ocr_line' id='line_1_23' title="bbox 79 1527 2083 1595; baseline -0.005 -14"><span class='ocrx_word' id='word_1_217' title='bbox 79 1530 239 1580; x_wconf 70' lang='lat' dir='ltr'>thares,</span> <span class='ocrx_word' id='word_1_218' title='bbox 326 1532 481 1581; x_wconf 86' lang='lat' dir='ltr'>scunt.</span> <span class='ocrx_word' id='word_1_219' title='bbox 553 1532 710 1595; x_wconf 85' lang='lat' dir='ltr'>Apud</span> <span class='ocrx_word' id='word_1_220' title='bbox 734 1530 892 1580; x_wconf 80' lang='lat' dir='ltr'>Afros</span> <span class='ocrx_word' id='word_1_221' title='bbox 921 1532 1148 1576; x_wconf 82' lang='lat' dir='ltr'>innatant</span> <span class='ocrx_word' id='word_1_222' title='bbox 1175 1528 1323 1592; x_wconf 79' lang='lat' dir='ltr'>pisces</span> <span class='ocrx_word' id='word_1_223' title='bbox 1355 1529 1510 1581; x_wconf 72' lang='lat' dir='ltr'>undis!</span> <span class='ocrx_word' id='word_1_224' title='bbox 1530 1527 1837 1578; x_wconf 83' lang='lat' dir='ltr'>ferventibus</span> <span class='ocrx_word' id='word_1_225' title='bbox 1857 1559 1872 1581; x_wconf 87' lang='lat'>,</span> <span class='ocrx_word' id='word_1_226' title='bbox 1906 1530 1993 1590; x_wconf 85' lang='lat' dir='ltr'>qui</span> <span class='ocrx_word' id='word_1_227' title='bbox 2012 1542 2083 1579; x_wconf 78' lang='lat' dir='ltr'>ta.</span> 
     </span>
     <span class='ocr_line' id='line_1_24' title="bbox 324 1591 2084 1656; baseline -0.003 -13"><span class='ocrx_word' id='word_1_228' title='bbox 324 1610 447 1645; x_wconf 86' lang='lat' dir='ltr'>men</span> <span class='ocrx_word' id='word_1_229' title='bbox 468 1593 638 1646; x_wconf 84' lang='lat' dir='ltr'>simul,</span> <span class='ocrx_word' id='word_1_230' title='bbox 672 1610 728 1642; x_wconf 90' lang='lat' dir='ltr'>ac</span> <span class='ocrx_word' id='word_1_231' title='bbox 750 1593 866 1642; x_wconf 87' lang='lat' dir='ltr'>inde</span> <span class='ocrx_word' id='word_1_232' title='bbox 888 1594 937 1640; x_wconf 92' lang='lat' dir='ltr'>in</span> <span class='ocrx_word' id='word_1_233' title='bbox 953 1591 1182 1654; x_wconf 78' lang='lat' dir='ltr'>frigidam</span> <span class='ocrx_word' id='word_1_234' title='bbox 1208 1592 1568 1642; x_wconf 81' lang='lat' dir='ltr'>transferuntur</span> <span class='ocrx_word' id='word_1_235' title='bbox 1588 1624 1603 1646; x_wconf 84' lang='lat'>,</span> <span class='ocrx_word' id='word_1_236' title='bbox 1637 1592 1891 1656; x_wconf 80' lang='lat' dir='ltr'>exspirant.</span> <span class='ocrx_word' id='word_1_237' title='bbox 1991 1592 2084 1643; x_wconf 81' lang='lat' dir='ltr'>Ad</span> 
     </span>
    </p>

    <p class='ocr_par' dir='ltr' id='par_1_16' title="bbox 323 1654 2085 1722">
     <span class='ocr_line' id='line_1_25' title="bbox 323 1654 2085 1722; baseline 0.001 -17"><span class='ocrx_word' id='word_1_238' title='bbox 323 1657 494 1708; x_wconf 86' lang='lat' dir='ltr'>Rheni</span> <span class='ocrx_word' id='word_1_239' title='bbox 517 1657 789 1722; x_wconf 85' lang='lat' dir='ltr'>crepidines</span> <span class='ocrx_word' id='word_1_240' title='bbox 811 1672 950 1719; x_wconf 81' lang='lat' dir='ltr'>aquae</span> <span class='ocrx_word' id='word_1_241' title='bbox 978 1654 1243 1704; x_wconf 86' lang='lat' dir='ltr'>scaturiunt</span> <span class='ocrx_word' id='word_1_242' title='bbox 1271 1656 1501 1704; x_wconf 86' lang='lat' dir='ltr'>dentibus</span> <span class='ocrx_word' id='word_1_243' title='bbox 1524 1655 1707 1704; x_wconf 87' lang='lat' dir='ltr'>infestae</span> <span class='ocrx_word' id='word_1_244' title='bbox 1735 1671 1752 1707; x_wconf 80' lang='lat'>3</span> <span class='ocrx_word' id='word_1_245' title='bbox 1802 1670 1922 1702; x_wconf 86' lang='lat' dir='ltr'>nam</span> <span class='ocrx_word' id='word_1_246' title='bbox 1943 1656 2085 1706; x_wconf 89' lang='lat' dir='ltr'>bien-</span> 
     </span>
    </p>

    <p class='ocr_par' dir='ltr' id='par_1_17' title="bbox 321 1714 2081 1846">
     <span class='ocr_line' id='line_1_26' title="bbox 321 1714 2081 1785; baseline -0.001 -14"><span class='ocrx_word' id='word_1_247' title='bbox 321 1723 414 1771; x_wconf 91' lang='lat' dir='ltr'>nio</span> <span class='ocrx_word' id='word_1_248' title='bbox 442 1718 710 1784; x_wconf 77' lang='lat' dir='ltr'>postquam</span> <span class='ocrx_word' id='word_1_249' title='bbox 735 1733 866 1785; x_wconf 81' lang='lat' dir='ltr'>potae</span> <span class='ocrx_word' id='word_1_250' title='bbox 890 1720 1000 1767; x_wconf 89' lang='lat' dir='ltr'>sunt</span> <span class='ocrx_word' id='word_1_251' title='bbox 1019 1752 1031 1771; x_wconf 85' lang='lat'>‚</span> <span class='ocrx_word' id='word_1_252' title='bbox 1069 1734 1250 1767; x_wconf 87' lang='lat' dir='ltr'>omnes</span> <span class='ocrx_word' id='word_1_253' title='bbox 1270 1718 1362 1768; x_wconf 90' lang='lat' dir='ltr'>suis</span> <span class='ocrx_word' id='word_1_254' title='bbox 1394 1719 1586 1768; x_wconf 83' lang='lat' dir='ltr'>sedibus</span> <span class='ocrx_word' id='word_1_255' title='bbox 1618 1720 1749 1766; x_wconf 86' lang='lat' dir='ltr'>moti</span> <span class='ocrx_word' id='word_1_256' title='bbox 1774 1750 1789 1772; x_wconf 86' lang='lat'>‚</span> <span class='ocrx_word' id='word_1_257' title='bbox 1823 1714 2081 1782; x_wconf 74' lang='lat' dir='ltr'>luxatique</span> 
     </span>
     <span class='ocr_line' id='line_1_27' title="bbox 325 1781 2079 1846; baseline -0.001 -14"><span class='ocrx_word' id='word_1_258' title='bbox 325 1785 583 1834; x_wconf 81' lang='lat' dir='ltr'>excidunt:</span> <span class='ocrx_word' id='word_1_259' title='bbox 622 1786 723 1832; x_wconf 83' lang='lat' dir='ltr'>aliae</span> <span class='ocrx_word' id='word_1_260' title='bbox 745 1783 976 1846; x_wconf 83' lang='lat' dir='ltr'>quaedam</span> <span class='ocrx_word' id='word_1_261' title='bbox 1004 1784 1084 1830; x_wconf 79' lang='lat' dir='ltr'>vix</span> <span class='ocrx_word' id='word_1_262' title='bbox 1108 1783 1322 1831; x_wconf 80' lang='lat' dir='ltr'>libantur</span> <span class='ocrx_word' id='word_1_263' title='bbox 1346 1781 1374 1831; x_wconf 73' lang='lat' dir='ltr'>a</span> <span class='ocrx_word' id='word_1_264' title='bbox 1395 1785 1550 1831; x_wconf 86' lang='lat' dir='ltr'>cervis</span> <span class='ocrx_word' id='word_1_265' title='bbox 1571 1815 1584 1836; x_wconf 88' lang='lat'>,</span> <span class='ocrx_word' id='word_1_266' title='bbox 1621 1785 1670 1832; x_wconf 75' lang='grc' dir='ltr'>ὅ(</span> <span class='ocrx_word' id='word_1_267' title='bbox 1691 1796 1808 1829; x_wconf 89' lang='lat' dir='ltr'>ecce</span> <span class='ocrx_word' id='word_1_268' title='bbox 1831 1783 1841 1828; x_wconf 73' lang='lat' dir='ltr'>l</span> <span class='ocrx_word' id='word_1_269' title='bbox 1896 1797 2079 1833; x_wconf 86' lang='lat' dir='ltr'>cornu-</span> 
     </span>
    </p>
   </div>
   <div class='ocr_carea' id='block_1_3' title="bbox 322 1845 2167 1974">
    <p class='ocr_par' dir='ltr' id='par_1_18' title="bbox 322 1845 2167 1974">
     <span class='ocr_line' id='line_1_28' title="bbox 323 1845 2167 1912; baseline 0 -16"><span class='ocrx_word' id='word_1_270' title='bbox 323 1863 413 1896; x_wconf 90' lang='lat' dir='ltr'>um</span> <span class='ocrx_word' id='word_1_271' title='bbox 435 1863 605 1896; x_wconf 89' lang='lat' dir='ltr'>ramos</span> <span class='ocrx_word' id='word_1_272' title='bbox 626 1863 681 1895; x_wconf 88' lang='lat' dir='ltr'>ac</span> <span class='ocrx_word' id='word_1_273' title='bbox 710 1847 1007 1912; x_wconf 79' lang='lat' dir='ltr'>prostibulos</span> <span class='ocrx_word' id='word_1_274' title='bbox 1031 1845 1305 1894; x_wconf 83' lang='lat' dir='ltr'>decutiunt.</span> <span class='ocrx_word' id='word_1_275' title='bbox 1405 1847 1534 1894; x_wconf 83' lang='lat' dir='ltr'>Aliae</span> <span class='ocrx_word' id='word_1_276' title='bbox 1553 1845 1739 1894; x_wconf 85' lang='lat' dir='ltr'>Thebis</span> <span class='ocrx_word' id='word_1_277' title='bbox 1759 1858 1918 1906; x_wconf 86' lang='lat' dir='ltr'>equos</span> <span class='ocrx_word' id='word_1_278' title='bbox 1937 1847 1989 1893; x_wconf 90' lang='lat' dir='ltr'>in</span> <span class='ocrx_word' id='word_1_279' title='bbox 2007 1862 2094 1895; x_wconf 84' lang='lat' dir='ltr'>ra··</span> <span class='ocrx_word' id='word_1_280' title='bbox 2166 1870 2167 1896; x_wconf 75' lang='lat'>1</span> 
     </span>
     <span class='ocr_line' id='line_1_29' title="bbox 322 1908 2080 1974; baseline -0.001 -16"><span class='ocrx_word' id='word_1_281' title='bbox 322 1910 459 1960; x_wconf 84' lang='lat' dir='ltr'>biem</span> <span class='ocrx_word' id='word_1_282' title='bbox 484 1923 654 1974; x_wconf 84' lang='lat' dir='ltr'>agunt.</span> <span class='ocrx_word' id='word_1_283' title='bbox 723 1912 996 1974; x_wconf 85' lang='lat' dir='ltr'>Benignior</span> <span class='ocrx_word' id='word_1_284' title='bbox 1016 1909 1105 1957; x_wconf 83' lang='lat' dir='ltr'>illis</span> <span class='ocrx_word' id='word_1_285' title='bbox 1121 1943 1133 1962; x_wconf 86' lang='lat'>,</span> <span class='ocrx_word' id='word_1_286' title='bbox 1156 1912 1204 1959; x_wconf 68' lang='grc' dir='ltr'>ὃ(</span> <span class='ocrx_word' id='word_1_287' title='bbox 1233 1911 1404 1958; x_wconf 87' lang='lat' dir='ltr'>mitior</span> <span class='ocrx_word' id='word_1_288' title='bbox 1421 1911 1493 1958; x_wconf 86' lang='lat' dir='ltr'>vis</span> <span class='ocrx_word' id='word_1_289' title='bbox 1515 1908 1610 1963; x_wconf 83' lang='lat' dir='ltr'>est⁷</span> <span class='ocrx_word' id='word_1_290' title='bbox 1632 1924 1740 1970; x_wconf 86' lang='lat' dir='ltr'>quae</span> <span class='ocrx_word' id='word_1_291' title='bbox 1770 1909 1903 1971; x_wconf 84' lang='lat' dir='ltr'>apud</span> <span class='ocrx_word' id='word_1_292' title='bbox 1927 1908 2080 1959; x_wconf 74' lang='lat' dir='ltr'>Thes·</span> 
     </span>
    </p>
   </div>
   <div class='ocr_carea' id='block_1_4' title="bbox 318 1969 2080 2544">
    <p class='ocr_par' dir='ltr' id='par_1_19' title="bbox 318 1969 2080 2544">
     <span class='ocr_line' id='line_1_30' title="bbox 322 1969 2079 2037; baseline 0.001 -16"><span class='ocrx_word' id='word_1_293' title='bbox 322 1973 447 2021; x_wconf 87' lang='lat' dir='ltr'>salos</span> <span class='ocrx_word' id='word_1_294' title='bbox 472 1975 652 2022; x_wconf 88' lang='lat' dir='ltr'>alicubi</span> <span class='ocrx_word' id='word_1_295' title='bbox 673 1973 861 2026; x_wconf 83' lang='lat' dir='ltr'>fluunt,</span> <span class='ocrx_word' id='word_1_296' title='bbox 882 1969 1057 2021; x_wconf 84' lang='lat' dir='ltr'>haustu</span> <span class='ocrx_word' id='word_1_297' title='bbox 1092 1973 1326 2020; x_wconf 82' lang='lat' dir='ltr'>salubres:</span> <span class='ocrx_word' id='word_1_298' title='bbox 1363 1973 1416 2029; x_wconf 86' lang='lat' dir='ltr'>ijs</span> <span class='ocrx_word' id='word_1_299' title='bbox 1446 1976 1581 2022; x_wconf 88' lang='lat' dir='ltr'>enim</span> <span class='ocrx_word' id='word_1_300' title='bbox 1615 1974 1820 2021; x_wconf 88' lang='lat' dir='ltr'>contusa</span> <span class='ocrx_word' id='word_1_301' title='bbox 1849 1976 2079 2037; x_wconf 80' lang='lat' dir='ltr'>corporis</span> 
     </span>
     <span class='ocr_line' id='line_1_31' title="bbox 319 2033 2076 2102; baseline 0 -17"><span class='ocrx_word' id='word_1_302' title='bbox 319 2037 449 2089; x_wconf 80' lang='lat' dir='ltr'>ossa,</span> <span class='ocrx_word' id='word_1_303' title='bbox 472 2037 506 2085; x_wconf 85' lang='lat' dir='ltr'>si</span> <span class='ocrx_word' id='word_1_304' title='bbox 526 2038 891 2102; x_wconf 78' lang='lat' dir='ltr'>respergantur,</span> <span class='ocrx_word' id='word_1_305' title='bbox 918 2033 1042 2084; x_wconf 55' lang='lat' dir='ltr'>mir&amp;</span> <span class='ocrx_word' id='word_1_306' title='bbox 1072 2037 1303 2084; x_wconf 85' lang='lat' dir='ltr'>felicitate</span> <span class='ocrx_word' id='word_1_307' title='bbox 1334 2038 1634 2086; x_wconf 83' lang='lat' dir='ltr'>coalescunt.</span> <span class='ocrx_word' id='word_1_308' title='bbox 1728 2035 1898 2101; x_wconf 77' lang='lat' dir='ltr'>Qid?</span> <span class='ocrx_word' id='word_1_309' title='bbox 1933 2034 2076 2098; x_wconf 79' lang='lat' dir='ltr'>quod</span> 
     </span>
     <span class='ocr_line' id='line_1_32' title="bbox 318 2098 2080 2164; baseline 0.001 -15"><span class='ocrx_word' id='word_1_310' title='bbox 318 2102 470 2149; x_wconf 87' lang='lat' dir='ltr'>etiam</span> <span class='ocrx_word' id='word_1_311' title='bbox 493 2101 737 2153; x_wconf 82' lang='lat' dir='ltr'>jocando,</span> <span class='ocrx_word' id='word_1_312' title='bbox 759 2101 926 2149; x_wconf 82' lang='lat' dir='ltr'>fontes</span> <span class='ocrx_word' id='word_1_313' title='bbox 954 2098 1196 2164; x_wconf 83' lang='lat' dir='ltr'>ingeniosi</span> <span class='ocrx_word' id='word_1_314' title='bbox 1217 2101 1461 2149; x_wconf 86' lang='lat' dir='ltr'>Miracula</span> <span class='ocrx_word' id='word_1_315' title='bbox 1481 2100 1723 2150; x_wconf 74' lang='lat' dir='ltr'>fundant?</span> <span class='ocrx_word' id='word_1_316' title='bbox 1758 2117 1877 2150; x_wconf 86' lang='lat' dir='ltr'>nam</span> <span class='ocrx_word' id='word_1_317' title='bbox 1906 2104 2080 2151; x_wconf 87' lang='lat' dir='ltr'>Fortu·</span> 
     </span>
     <span class='ocr_line' id='line_1_33' title="bbox 322 2162 2077 2228; baseline 0.002 -17"><span class='ocrx_word' id='word_1_318' title='bbox 322 2164 448 2211; x_wconf 86' lang='lat' dir='ltr'>natis</span> <span class='ocrx_word' id='word_1_319' title='bbox 474 2162 640 2210; x_wconf 85' lang='lat' dir='ltr'>Insulis</span> <span class='ocrx_word' id='word_1_320' title='bbox 664 2167 848 2226; x_wconf 85' lang='lat' dir='ltr'>gemini</span> <span class='ocrx_word' id='word_1_321' title='bbox 870 2164 1002 2216; x_wconf 81' lang='lat' dir='ltr'>sunt,</span> <span class='ocrx_word' id='word_1_322' title='bbox 1026 2179 1249 2225; x_wconf 80' lang='lat' dir='ltr'>quorum</span> <span class='ocrx_word' id='word_1_323' title='bbox 1271 2165 1499 2218; x_wconf 83' lang='lat' dir='ltr'>alterum,</span> <span class='ocrx_word' id='word_1_324' title='bbox 1523 2167 1606 2227; x_wconf 87' lang='lat' dir='ltr'>qui</span> <span class='ocrx_word' id='word_1_325' title='bbox 1636 2163 1839 2219; x_wconf 81' lang='lat' dir='ltr'>bibunt,</span> <span class='ocrx_word' id='word_1_326' title='bbox 1862 2165 1948 2214; x_wconf 82' lang='lat' dir='ltr'>fibi</span> <span class='ocrx_word' id='word_1_327' title='bbox 1968 2163 2077 2228; x_wconf 84' lang='lat' dir='ltr'>ipfis</span> 
     </span>
     <span class='ocr_line' id='line_1_34' title="bbox 323 2225 2074 2293; baseline 0.003 -19"><span class='ocrx_word' id='word_1_328' title='bbox 323 2226 599 2274; x_wconf 83' lang='lat' dir='ltr'>ludibrium</span> <span class='ocrx_word' id='word_1_329' title='bbox 628 2225 779 2278; x_wconf 84' lang='lat' dir='ltr'>fiunt,</span> <span class='ocrx_word' id='word_1_330' title='bbox 806 2228 930 2276; x_wconf 82' lang='lat' dir='ltr'>dum</span> <span class='ocrx_word' id='word_1_331' title='bbox 964 2229 1194 2275; x_wconf 73' lang='lat' dir='ltr'>violento</span> <span class='ocrx_word' id='word_1_332' title='bbox 1231 2226 1324 2274; x_wconf 86' lang='lat' dir='ltr'>risu</span> <span class='ocrx_word' id='word_1_333' title='bbox 1362 2241 1617 2293; x_wconf 86' lang='lat' dir='ltr'>crepantes</span> <span class='ocrx_word' id='word_1_334' title='bbox 1650 2231 1991 2283; x_wconf 77' lang='lat' dir='ltr'>emoriantur,</span> <span class='ocrx_word' id='word_1_335' title='bbox 2020 2226 2074 2279; x_wconf 65' lang='lat' dir='ltr'>ni</span> 
     </span>
     <span class='ocr_line' id='line_1_35' title="bbox 325 2289 2072 2356; baseline 0.003 -19"><span class='ocrx_word' id='word_1_336' title='bbox 325 2290 477 2338; x_wconf 81' lang='lat' dir='ltr'>vicini</span> <span class='ocrx_word' id='word_1_337' title='bbox 504 2289 697 2335; x_wconf 86' lang='lat' dir='ltr'>alterius</span> <span class='ocrx_word' id='word_1_338' title='bbox 721 2289 873 2338; x_wconf 80' lang='lat' dir='ltr'>fontis</span> <span class='ocrx_word' id='word_1_339' title='bbox 904 2289 1133 2339; x_wconf 75' lang='lat' dir='ltr'>remedio</span> <span class='ocrx_word' id='word_1_340' title='bbox 1165 2290 1490 2340; x_wconf 89' lang='lat' dir='ltr'>ebullientem</span> <span class='ocrx_word' id='word_1_341' title='bbox 1521 2291 1822 2340; x_wconf 86' lang='lat' dir='ltr'>cachinnum</span> <span class='ocrx_word' id='word_1_342' title='bbox 1856 2294 2072 2356; x_wconf 78' lang='lat' dir='ltr'>tempori</span> 
     </span>
     <span class='ocr_line' id='line_1_36' title="bbox 323 2351 2069 2419; baseline 0.001 -18"><span class='ocrx_word' id='word_1_343' title='bbox 323 2351 662 2414; x_wconf 84' lang='lat' dir='ltr'>compescant.</span> <span class='ocrx_word' id='word_1_344' title='bbox 765 2354 930 2407; x_wconf 79' lang='lat' dir='ltr'>Major</span> <span class='ocrx_word' id='word_1_345' title='bbox 951 2355 1193 2416; x_wconf 85' lang='lat' dir='ltr'>aliquibus</span> <span class='ocrx_word' id='word_1_346' title='bbox 1224 2357 1293 2402; x_wconf 87' lang='lat' dir='ltr'>vis</span> <span class='ocrx_word' id='word_1_347' title='bbox 1317 2351 1413 2408; x_wconf 81' lang='lat' dir='ltr'>est,</span> <span class='ocrx_word' id='word_1_348' title='bbox 1435 2357 1519 2418; x_wconf 88' lang='lat' dir='ltr'>qui</span> <span class='ocrx_word' id='word_1_349' title='bbox 1542 2356 1611 2409; x_wconf 84' lang='lat' dir='ltr'>ius</span> <span class='ocrx_word' id='word_1_350' title='bbox 1632 2356 1719 2404; x_wconf 85' lang='lat' dir='ltr'>fibi</span> <span class='ocrx_word' id='word_1_351' title='bbox 1739 2355 1998 2419; x_wconf 87' lang='lat' dir='ltr'>quoddam</span> <span class='ocrx_word' id='word_1_352' title='bbox 2017 2355 2069 2402; x_wconf 86' lang='lat' dir='ltr'>in</span> 
     </span>
     <span class='ocr_line' id='line_1_37' title="bbox 322 2412 2071 2480; baseline 0 -17"><span class='ocrx_word' id='word_1_353' title='bbox 322 2413 478 2479; x_wconf 70' lang='lat' dir='ltr'>ipsam</span> <span class='ocrx_word' id='word_1_354' title='bbox 507 2416 685 2461; x_wconf 88' lang='lat' dir='ltr'>mentis</span> <span class='ocrx_word' id='word_1_355' title='bbox 708 2412 874 2461; x_wconf 86' lang='lat' dir='ltr'>sedem</span> <span class='ocrx_word' id='word_1_356' title='bbox 898 2418 1170 2480; x_wconf 85' lang='lat' dir='ltr'>capessunt:</span> <span class='ocrx_word' id='word_1_357' title='bbox 1207 2418 1324 2465; x_wconf 90' lang='lat' dir='ltr'>inde</span> <span class='ocrx_word' id='word_1_358' title='bbox 1343 2417 1425 2471; x_wconf 84' lang='lat' dir='ltr'>fit,</span> <span class='ocrx_word' id='word_1_359' title='bbox 1447 2432 1500 2467; x_wconf 88' lang='lat' dir='ltr'>ut</span> <span class='ocrx_word' id='word_1_360' title='bbox 1520 2419 1743 2468; x_wconf 89' lang='lat' dir='ltr'>duorum</span> <span class='ocrx_word' id='word_1_361' title='bbox 1764 2419 1984 2467; x_wconf 79' lang='lat' dir='ltr'>fontitlm</span> <span class='ocrx_word' id='word_1_362' title='bbox 2002 2415 2071 2463; x_wconf 87' lang='lat' dir='ltr'>al-</span> 
     </span>
     <span class='ocr_line' id='line_1_38' title="bbox 324 2477 2070 2544; baseline -0.001 -18"><span class='ocrx_word' id='word_1_363' title='bbox 324 2491 438 2526; x_wconf 88' lang='lat' dir='ltr'>tero</span> <span class='ocrx_word' id='word_1_364' title='bbox 460 2478 709 2525; x_wconf 87' lang='lat' dir='ltr'>memoria</span> <span class='ocrx_word' id='word_1_365' title='bbox 729 2477 1053 2532; x_wconf 85' lang='lat' dir='ltr'>obtundatur,</span> <span class='ocrx_word' id='word_1_366' title='bbox 1074 2479 1377 2544; x_wconf 62' lang='lat' dir='ltr'>inductaque</span> <span class='ocrx_word' id='word_1_367' title='bbox 1399 2498 1567 2532; x_wconf 90' lang='lat' dir='ltr'>rerum</span> <span class='ocrx_word' id='word_1_368' title='bbox 1587 2483 1844 2531; x_wconf 86' lang='lat' dir='ltr'>oblivione</span> <span class='ocrx_word' id='word_1_369' title='bbox 1862 2479 1932 2524; x_wconf 84' lang='lat' dir='ltr'>vis</span> <span class='ocrx_word' id='word_1_370' title='bbox 1953 2493 2070 2525; x_wconf 84' lang='lat' dir='ltr'>om-</span> 
     </span>
    </p>
   </div>
   <div class='ocr_carea' id='block_1_5' title="bbox 324 2540 2069 2656">
    <p class='ocr_par' dir='ltr' id='par_1_20' title="bbox 324 2540 2069 2656">
     <span class='ocr_line' id='line_1_39' title="bbox 324 2540 2069 2609; baseline -0.002 -16"><span class='ocrx_word' id='word_1_371' title='bbox 324 2543 399 2593; x_wconf 82' lang='lat' dir='ltr'>nis</span> <span class='ocrx_word' id='word_1_372' title='bbox 419 2541 724 2596; x_wconf 76' lang='lat' dir='ltr'>obsolescat.-</span> <span class='ocrx_word' id='word_1_373' title='bbox 761 2540 919 2593; x_wconf 85' lang='lat' dir='ltr'>altero</span> <span class='ocrx_word' id='word_1_374' title='bbox 945 2547 1206 2599; x_wconf 83' lang='lat' dir='ltr'>memoriae</span> <span class='ocrx_word' id='word_1_375' title='bbox 1239 2545 1478 2606; x_wconf 77' lang='lat' dir='ltr'>labentis,</span> <span class='ocrx_word' id='word_1_376' title='bbox 1501 2549 1552 2600; x_wconf 85' lang='lat'>&amp;</span> <span class='ocrx_word' id='word_1_377' title='bbox 1577 2546 1719 2597; x_wconf 74' lang='lat' dir='ltr'>lenta:</span> <span class='ocrx_word' id='word_1_378' title='bbox 1741 2542 1921 2609; x_wconf 87' lang='lat' dir='ltr'>species</span> <span class='ocrx_word' id='word_1_379' title='bbox 1941 2542 2069 2592; x_wconf 74' lang='lat' dir='ltr'>exei-</span> 
     </span>
     <span class='ocr_line' id='line_1_40' title="bbox 1835 2616 1999 2656; baseline 0.006 -1"><span class='ocrx_word' id='word_1_380' title='bbox 1835 2616 1999 2656; x_wconf 75' lang='lat' dir='ltr'>rentur</span> 
     </span>
    </p>
   </div>
  </div>
 </body>
</html>
