2175 2911
418 116 435 147 1
450 116 465 146 1
478 114 505 145 2
918 97 1048 156 Scylla
1082 106 1209 159 atque
1245 93 1486 156 charybdis.
1505 148 1509 152 ,
2133 0 2175 163 Π

350 205 574 254 quorum
607 185 761 254 gratia
788 188 1004 240 Divinus
1032 187 1348 238 Architeetus
1375 199 1512 258 pr*
1543 186 1751 238 floribus
1773 188 2008 253 pinxerit,
2031 189 2100 236 di*
2152 219 2157 246 3

350 255 567 305 stinxerit
601 252 801 302 colores
826 287 840 307 ,
873 251 1156 302 stabiliverit
1194 252 1471 306 elementa,
1519 253 1732 301 Coelum
1769 249 1961 300 ornarit
1982 249 2101 299 fide÷
2156 311 2158 314 y

352 317 485 368 ribus
507 350 520 370 ,
555 317 605 366 &
633 315 727 365 hac
758 317 1126 382 pulchritudine
1162 311 1328 369 varia,
1361 330 1421 363 ac
1455 312 1661 379 pulchra
1699 317 1935 365 varietate
1958 347 1972 368 ‚
2004 313 2102 378 spe·
2144 326 2163 365 e

355 380 590 430 &abilem
610 378 737 428 hanc
760 380 944 429 Mundi
969 379 1257 428 machinam
1282 375 1569 441 procrearit.
1679 379 1856 442 Atque
1884 377 2016 426 hanc
2037 375 2108 424 ob
2143 395 2157 421 .:

360 443 559 494 causam
580 440 918 507 pronuntiasse
946 443 1243 491 crediderim
1273 443 1581 505 Stagiritam,
1603 439 1761 506 magis
1785 442 1812 490 a
1834 441 1980 490 nobis
2006 438 2110 488 dili·
2151 469 2175 482 ‹-

361 510 410 572 gi
425 507 621 556 oculos,
640 509 756 570 quia
779 508 917 571 plura
942 506 1156 560 docent5
1186 506 1393 554 scicntiae
1418 518 1588 554 autem
1613 505 1851 570 cupiditas
1871 502 2110 552 omnibus
2151 562 2155 566 ⁵

362 573 536 621 sciatur
554 568 648 618 css'e
669 573 955 634 congenita.
1024 570 1156 619 Hinc
1176 569 1260 618 ubi
1279 570 1459 622 ren1,in
1477 570 1643 632 paucis
1664 568 1811 617 nobis
1835 579 2112 631 acceptam,
2143 573 2144 576 ’

362 635 531 700 paucis
557 634 831 698 exprimere
856 635 1112 698 cupimus,
1147 635 1396 681 cariorem
1422 632 1529 696 iplis
1563 631 1750 686 oculis,
1775 631 1856 681 vel
1888 630 2115 679 ocellum
2146 654 2162 688 l·

363 694 595 746 nostrum
622 698 1004 762 compellamus.
1093 698 1205 746 Nec
1234 694 1261 744 a
1282 710 1405 744 vero
1428 696 1673 744 aberravit
1695 691 2115 744 nominatissimus
2148 711 2165 742 ε

363 762 445 809 ille
465 761 757 825 Sapientum
775 760 973 814 Thales,
999 758 1163 825 palam
1189 759 1402 812 edicens,
1423 772 1621 807 tantum
1642 757 1735 807 effe
1765 758 1945 806 oculos
1971 759 2114 807 inter.
2147 774 2164 804 .·

365 837 517 887 atquc
536 839 676 872 aures
698 823 974 877 discrimen,
988 836 1236 886 quantum
1254 825 1515 873 veritatem
1540 824 1667 870 inter
1687 825 1736 872 ὅ(
1765 820 2116 870 mendacium:
2146 836 2165 872 ἱ

367 887 608 936 omnibus
632 889 815 952 quippe
839 886 1072 935 usitatum
1094 889 1332 936 novimus
1347 919 1359 938 ,
1380 883 1503 934 teste
1522 886 1726 937 Seneca,
1742 897 1795 933 ut
1819 884 2122 947 ampliorem
2142 904 2162 947 ⁴.

367 950 527 998 oculis
551 948 704 998 fidem
730 951 1004 999 tribuamus
1021 984 1033 1003 ,
1050 950 1204 1013 quam
1225 949 1421 998 auribus
1445 945 1726 1013 nimiopere
1751 947 2029 996 fallacibus:
2066 960 2123 995 ac

368 1008 484 1061 licet
515 1027 630 1062 vcra
657 1014 896 1067 referant‘,
929 1013 1119 1077 segnius
1152 1026 1324 1061 tamen
1356 1015 1546 1060 irritant
1575 1013 1775 1058 animos
1806 1009 2009 1057 demissa
2037 1024 2124 1074 per
2146 1015 2167 1074 J,

369 1091 510 1124 aures
525 1107 538 1127 ‚
564 1075 719 1136 quam
744 1090 852 1137 quae
874 1076 984 1124 sunt
1005 1077 1164 1123 oculis
1188 1074 1453 1124 commissa
1476 1072 1721 1121 fidelibus.
1808 1073 1984 1134 Atque
2008 1071 2126 1120 inde
2148 1134 2151 1137 ⁴

369 1138 559 1185 fastum
579 1149 812 1190 autumo,
833 1134 978 1197 quod
1001 1149 1178 1185 natura
1201 1136 1424 1187 auribus,
1448 1137 1565 1199 quia
1588 1135 1864 1189 vilioribus,
1889 1135 2127 1184 humilio-
2163 1151 2171 1168 ‘-

368 1215 479 1247 rem
501 1200 552 1246 iu
580 1199 739 1261 capite
761 1196 1030 1246 stationem
1052 1195 1330 1263 designarit,
1361 1202 1410 1250 δε
1433 1199 1747 1247 famulorum
1771 1195 1943 1251 instar,
1965 1198 1992 1247 a
2011 1199 2126 1246 late-
2151 1210 2170 1260 χῖ

121 1275 201 1323 ,ζᾱε
214 1272 327 1323 Ahr,
367 1276 422 1311 re
443 1259 676 1309 incedere
704 1259 908 1318 jufferits
928 1261 1088 1311 visum
1106 1260 1248 1316 vero,
1265 1264 1380 1324 quia
1403 1266 1562 1322 Regem
1584 1263 1794 1321 Senfimm,
1820 1259 1942 1311 teste
1961 1262 2126 1312 Philo·-

370 1340 435 1375 nc
451 1357 463 1379 ,
486 1326 536 1373 in
560 1325 730 1378 vultu,
754 1325 909 1374 veluti
936 1326 1087 1387 regali
1104 1325 1250 1377 solio,
1267 1323 1555 1374 sublimarit.
2149 1346 2159 1383 ς

498 1387 697 1438 LEUC:
766 1388 1018 1450 Ingratam
1051 1387 1113 1435 de
1139 1387 1316 1436 auditu
1339 1401 1395 1437 tu
1423 1389 1622 1437 auribus
1659 1390 1986 1438 cantilenam:
2034 1403 2129 1439 nec

376 1449 592 1501 deessent
607 1483 619 1504 ,
642 1464 751 1512 quae
771 1462 949 1498 contra
971 1448 1264 1498 sententiam
1294 1463 1397 1499 tam
1417 1452 1699 1501 absolutam
1719 1454 2131 1518 exciperent,Sta-

379 1516 530 1586 giritae
556 1514 822 1577 praeprimis
855 1512 1027 1568 favor,
1053 1515 1139 1577 qui
1163 1514 1419 1568 auditum,
1448 1512 1744 1564 testimonio
1772 1517 2005 1581 publico,
2035 1521 2132 1562 Sen-
2149 1539 2163 1554 κ

374 1581 462 1636 jum
487 1577 704 1636 dzfiiplinae
728 1576 963 1641 appellat:
1021 1574 1372 1642 protestaretur
1396 1580 1751 1633 Democritus,
1772 1583 1857 1642 qui
1875 1580 2010 1630 fa&o
2035 1579 2133 1644 pla-

378 1636 444 1688 ne
465 1638 795 1691 heroico,s1bi
817 1640 997 1688 oculos
1022 1642 1164 1694 eruit,
1188 1656 1307 1689 eum
1329 1643 1381 1689 in
1408 1641 1591 1694 finem,
1617 1654 1671 1690 ut
1688 1645 1938 1706 aptiorem
1959 1643 2006 1690 se
2026 1641 2134 1691 red-

381 1703 521 1751 deret
541 1701 888 1767 Philosophiae.
960 1705 1093 1770 Quia
1115 1716 1303 1759 tamen,
1325 1705 1600 1753 oculorum
1620 1720 1814 1759 amore,
1830 1718 2134 1754 excaecatum
2165 1762 2169 1768 .

384 1767 484 1823 jam
503 1765 660 1813 sentio
684 1765 1014 1830 Philosophiae
1035 1767 1276 1822 tribunal,
1300 1767 1364 1815 ad
1381 1768 1617 1817 Ethicum
1636 1768 1882 1832 appellare
1909 1769 2133 1834 compel-

382 1830 479 1877 lor.
582 1829 711 1878 Non
732 1844 830 1893 ego
849 1828 932 1878 hic
962 1832 1014 1879 in
1034 1832 1263 1880 medium
1286 1829 1520 1882 afferam,
1548 1844 1755 1879 centum
1776 1833 1827 1879 in
1850 1832 2009 1881 oculo
2029 1847 2133 1882 ma·
2165 1837 2170 1842 ’

385 1893 542 1942 culas‚
568 1891 746 1954 quibus
768 1892 1012 1956 gloriosus
1033 1893 1162 1943 adeo
1186 1893 1419 1959 splendor
1441 1894 1728 1947 hebetatur,
1749 1894 1783 1942 si
1802 1910 1913 1943 non
1941 1895 2134 1960 penitus
2158 1917 2165 1937 ι

387 1954 703 2003 obscuretur:
740 1971 852 2004 non
879 1956 1044 2005 dicam
1068 1990 1080 2010 ,
1110 1970 1216 2006 tam
1248 1957 1342 2006 ess'e
1369 1959 1632 2011 miserum,
1660 1969 1736 2010 ut,
1760 1955 1880 2006 cum
1911 1937 2166 2023 primuml

388 2018 551 2081 aspicit
579 2018 773 2069 lucem,
799 2035 923 2068 mox
952 2019 1236 2070 effundatur
1268 2025 1319 2069 in
1349 2021 1617 2086 lacrymas,
1648 2035 1704 2068 ac
1728 2019 1764 2069 fi
1797 2007 2166 2072 calamitatem

387 2080 526 2129 suam
555 2081 650 2143 ipse
671 2083 987 2145 agnosceret,
1015 2087 1063 2134 ὃ(
1085 2084 1391 2148 deploraret:
1426 2101 1536 2133 non
1567 2085 2011 2134 commemorabo·
2031 2098 2138 2136 tam

389 2140 483 2191 effe
505 2142 789 2197 delicatum,
807 2158 859 2194 ut
879 2150 1048 2209 quavis
1069 2144 1272 2200 festuca,
1286 2148 1438 2199 veluti
1458 2144 1656 2198 lanceas
1687 2149 1867 2210 quovis
1897 2149 2137 2212 pulviscu-

391 2207 445 2254 lo
460 2202 739 2277 ,radioque
763 2207 873 2257 solis
896 2210 1179 2265 intensiore,
1194 2212 1345 2260 veluti
1374 2211 1578 2276 spiculo,
1599 2211 1911 2260 vulneretur:
1948 2225 2054 2261 tam
2074 2190 2166 2262 el?-

235 2283 278 2316 1.
303 2331 312 2341 .
396 2268 442 2317 se
461 2268 720 2344 timidum,
749 2282 803 2318 ut
831 2272 893 2320 ad
918 2274 1152 2323 umbram
1182 2275 1386 2339 periculi
1414 2274 1690 2324 niCtitando
1715 2274 1809 2323 sese
1840 2275 2156 2332 abscondat,

148 2333 379 2393 Vegewm.
404 2345 445 2378 1.
457 2335 621 2392 primus
654 2349 704 2377 ue
721 2336 953 2384 omnium
972 2340 1014 2382 in
1038 2350 1179 2397 pugna
1203 2341 1420 2387 vincatur.
1488 2341 1621 2388 Tam
1638 2337 2153 2392 imbellem,utGale—

236 2409 281 2442 2.
401 2410 494 2444 nus
521 2409 566 2442 2.
598 2412 632 2444 u
654 2408 725 2443 rra
758 2409 964 2446 centum
987 2400 1296 2450 infirmitates
1327 2413 1615 2453 enumeret,
1641 2401 1823 2462 quibus
1851 2401 2129 2460 subjicitur:
2150 2403 2159 2464 sss

151 2462 195 2507 in
220 2460 353 2504 intro·
406 2470 511 2506 tam
532 2458 748 2519 denique
773 2459 998 2524 fragilem
1015 2466 1065 2512 ὃς
1085 2463 1352 2519 caducum,
1368 2478 1422 2514 ur
1437 2465 1674 2514 omnium
1687 2465 1877 2527 primus
1897 2467 1950 2513 in
1967 2478 2154 2515 morte

2150 2510 2159 2530 ὓ

143 2521 263 2644 ῗκῗῖῑ
299 2518 370 2570 0b·
404 2521 711 2587 languescat,
733 2524 784 2576 ὅ(
815 2525 1139 2590 extinguatur.
1233 2531 1355 2580 Haec
1381 2540 1624 2595 praetereo
1647 2526 1842 2585 cuneta,
1861 2543 1972 2579 non
2001 2530 2162 2578 enimi

171 2600 285 2641 eru
962 2625 966 2630 -
1929 2606 2072 2642 mens
