2175 2911
170 1490 308 1548 Arist.

141 1559 248 1610 ὃεῖὶ.
267 1573 310 1605 2.

103 1622 306 1690 probl.21
318 1659 329 1669 .

112 1690 224 1738 Gell.
238 1687 327 1745 l.91

112 1771 149 1802 c.
169 1764 215 1811 7.

127 2354 287 2414 Kircb.
305 2351 338 2398 l.

135 2435 178 2480 3.
200 2430 341 2475 magn.

127 2496 173 2547 p.
194 2494 233 2541 5.
248 2497 284 2528 c.
298 2491 343 2526 2.

407 118 497 164 166
1003 112 1209 167 Ariadne
1232 107 1435 176 Phyfica.¹

466 200 665 255 LEUC:
735 202 804 254 Ex
816 199 1095 252 Dodonaeo
1115 218 1325 253 nemore
1339 201 1469 250 hanc
1490 197 1583 250 effe
1602 199 2092 264 quercumiurabunt

341 265 435 321 illi,
456 267 636 330 quibus
657 267 846 330 volupe
867 280 985 314 cum
998 267 1163 315 Po'e'tis
1188 267 1359 330 nugari
1375 297 1387 318 ‚
1419 267 1470 315 ὃς
1489 265 1552 313 ad
1572 267 1756 327 quaevis
1779 276 1964 314 naturae
1984 280 2094 329 my-

342 327 484 379 steria
503 363 516 384 ‚
553 346 638 396 per
662 331 915 380 machinas
939 345 1060 379 mox
1081 330 1328 378 advehere
1354 329 1544 386 Jovem
1561 329 1883 391 Olympium.
1952 328 2095 377 Con-

343 393 510 443 firmat
531 393 634 443 haec
663 395 962 458 experientia
995 394 1140 441 aliam
1163 427 1175 445 ‚
1213 408 1319 441 non
1362 390 1526 440 minus
1558 393 1609 439 in
1633 393 1863 455 Peripato
1886 391 2098 455 parado-

341 473 458 506 xam
478 477 489 503 :
514 473 612 520 qua
637 474 819 522 nempe
833 456 1119 521 Corylaceae
1140 459 1285 520 virgae
1307 453 1663 519 sympathicam
1681 454 1745 503 ad
1761 454 1961 502 metalla
1984 468 2099 518 pro-

341 520 639 586 pensionem
659 522 920 570 Authores
944 521 1153 569 afferunt
1169 554 1180 574 ,
1204 522 1457 585 graviores
1477 517 1682 567 forsitan
1699 550 1712 571 ,
1734 517 1905 580 ‘quam
1918 529 1971 566 ut
1984 520 2094 580 quis

344 581 599 634 sarcastico
633 585 774 634 sibilo
804 600 892 634 eos
922 596 1027 633 tam
1054 585 1226 633 leviter
1246 587 1296 632 in
1325 598 1464 632 auras
1490 579 1724 630 exsufflet.
1802 581 1852 630 Si
1868 583 2004 629 enim
2025 596 2097 631 ar-

345 649 443 698 bor
468 648 714 697 attrahere
735 645 898 714 potest
922 648 1214 712 sonipedem
1248 644 1621 712 cataphractum
1652 677 1667 699 ,
1703 659 1791 693 cur
1813 645 2096 698 mineralia,

346 711 661 776 sympathicis
688 712 1101 777 corpusculorum
1130 709 1353 769 effluvijs‚
1380 709 1624 759 attrahere
1649 721 1905 771 nequeant
1930 708 2101 756 metal-

345 775 647 825 lothericam
671 776 943 839 virgulam,
968 788 1018 824 ut
1042 776 1148 837 quis
1179 776 1302 823 illius
1330 778 1511 824 virtute
1534 788 1684 823 venas
1720 772 1991 820 metallicas
2017 771 2102 819 dc-

344 851 556 904 tegat,ac
573 840 779 887 latentes
805 838 1005 902 indaget
1027 838 1277 887 thesauros
1302 840 1318 885 ὶ
1353 833 1485 886 certe
1509 836 1543 885 si
1568 838 1677 899 quis
1703 838 1961 884 rationum
1989 850 2099 883 mo-

344 913 520 952 menta
549 936 564 957 ,
599 915 777 951 contra
798 902 928 950 hanc
958 902 1205 966 virgulam
1229 900 1391 950 afferri
1416 900 1555 949 solita
1581 933 1594 954 ‚
1631 898 1693 947 ad
1716 898 1994 946 censoriam
2009 901 2103 947 vir-

347 966 519 1031 gulam
547 977 754 1015 revocet
775 999 788 1020 ‚
823 965 1012 1015 videbit
1032 997 1044 1017 ‚
1080 967 1203 1012 tanti
1221 964 1457 1027 ponderis
1491 974 1600 1011 non
1626 960 1719 1009 ess'e
1739 993 1752 1015 ‚
1780 973 1836 1010 ut
1859 961 1938 1009 vel
1960 961 2101 1018 Casum

348 1031 608 1081 evincant,
633 1029 714 1077 vel
733 1026 1132 1088 Metalloscopos
1158 1041 1340 1073 omnes
1365 1026 1542 1087 Stygiae
1566 1026 1747 1086 Magiae
1776 1026 2100 1072 convincant.

346 1095 488 1142 Nam
512 1103 709 1140 certum
728 1103 926 1150 tempus
954 1119 967 1139 ,
1003 1101 1110 1148 quo
1132 1087 1364 1134 nonnulli
1386 1086 1639 1134 surculum
1663 1085 1887 1134 enodem
1909 1084 1938 1134 a
1960 1101 2106 1151 cory-

346 1157 402 1204 lo
432 1153 653 1218 separant
677 1184 689 1204 ‚
728 1163 861 1199 certa
897 1149 1051 1198 verba
1080 1182 1092 1202 ,
1127 1165 1237 1212 quae
1267 1149 1509 1197 adhibent
1534 1181 1547 1202 ,
1583 1159 1747 1196 certos
1778 1149 1898 1196 ritus
1925 1180 1939 1202 ,
1975 1164 2106 1211 quos

344 1218 553 1280 quidam
576 1214 842 1263 observant
864 1246 876 1266 ,
914 1212 1113 1276 virgulae
1134 1211 1344 1261 abusum
1367 1211 1716 1261 damnandum
1729 1211 1972 1275 probant,
1995 1228 2107 1261 non

344 1279 506 1329 usum.
575 1278 664 1327 Nil
691 1276 849 1326 simile
869 1276 1134 1339 Virgularij
1162 1277 1450 1341 peritiores,
1479 1274 1568 1324 nisi
1604 1271 1739 1324 forte
1768 1275 1832 1323 ad
1863 1276 2106 1339 speciem,

347 1355 403 1393 ut
422 1341 602 1391 ludum
630 1341 815 1391 faciant
843 1341 1121 1404 imperitos,
1189 1341 1439 1404 Qamvis
1472 1342 1522 1389 ὃ(
1557 1337 1681 1388 illud
1712 1337 2025 1402 Philosopho
2050 1339 2108 1388 fit
2174 1386 2175 1393 ,

351 1406 670 1471 exploratum
694 1437 707 1458 ‚
737 1419 846 1452 non
873 1406 1102 1466 quamvis
1131 1399 1551 1451 circumstantiam
1574 1399 1826 1451 continuo
1847 1403 1910 1452 ad
1922 1401 2110 1467 Pytho·
2173 1433 2175 1437 ι

353 1486 441 1519 nes
466 1467 726 1518 Theffalos
765 1466 1102 1532 relegandam.
1170 1465 1414 1515 Desinant
1443 1461 1555 1514 sane
1583 1466 1815 1515 Botanici
1846 1467 2110 1516 observare
2174 1478 2175 1503 ³

358 1532 574 1596 aspeetus
595 1530 812 1580 siderum
833 1564 847 1585 ,
882 1546 1003 1578 nam
1029 1527 1175 1593 quod
1193 1530 1420 1589 Pulegium
1441 1529 1695 1583 florescat,
1716 1526 1863 1592 quod
1882 1532 2006 1578 Ulmi
2031 1530 2111 1579 fo-
2172 1528 2175 1585 ῗ

359 1597 424 1645 lia
442 1597 754 1645 invertantur
783 1591 964 1651 solstitii
997 1594 1075 1642 die
1099 1627 1113 1648 ,
1148 1593 1280 1642 fraus
1310 1595 1400 1641 erit
1436 1594 1620 1656 Magiae
1648 1590 1811 1657 stygiae
1835 1611 1849 1646 3
1885 1593 2110 1643 desinant
2171 1617 2175 1659 3

364 1658 643 1709 Architecti
663 1657 925 1708 observare
949 1659 1105 1707 Lunae
1123 1669 1321 1706 aetatem
1337 1690 1350 1710 ‚
1387 1668 1442 1705 ut
1470 1656 1604 1720 ligna
1627 1657 1852 1709 caedant3
1887 1657 2111 1707 hortula-

361 1725 445 1777 ni,
468 1735 521 1770 ut
539 1722 725 1771 semina
743 1735 881 1771 terrae
902 1723 1171 1771 comittant
1191 1737 1204 1772 3
1239 1720 1470 1778 Podalirij
1493 1752 1506 1774 ,
1532 1731 1587 1768 ut
1603 1719 1705 1770 dies
1734 1720 2116 1774 criticos,tnor-
2171 1719 2173 1724 '

360 1781 535 1848 bisque
554 1785 725 1836 fatales
744 1785 960 1834 siderum
981 1785 1192 1834 influxus
1210 1787 1400 1833 evitent
1423 1801 1434 1831 :
1478 1783 1701 1833 desinant
1720 1815 1734 1838 ,
1754 1784 1965 1846 inquam
1979 1815 1993 1838 ‚
2023 1782 2110 1833 nisi

357 1850 566 1900 foederis
583 1865 701 1899 cum
723 1851 868 1900 Orco
892 1851 1000 1897 initi
1019 1849 1258 1898 convinci
1284 1848 1462 1902 velint,
1485 1863 1572 1912 per
1593 1862 1763 1897 novos
1786 1844 1940 1896 hosce
1961 1849 2013 1895 in
2023 1848 2112 1896 Pe-

355 1917 518 1979 ripato
538 1912 868 1976 inquisitores.
938 1910 1100 1977 Qod
1118 1911 1151 1960 fi
1169 1911 1475 1963 obtendant,
1496 1911 1745 1976 virgulam
1759 1909 2114 1961 divinatoriam

359 1993 453 2026 nec
471 1977 663 2042 semper
687 1990 912 2025 exercere
936 1979 1172 2025 virtutem
1193 2008 1206 2029 ‚
1232 1990 1326 2023 nec
1347 1973 1463 2024 raro
1488 1973 1674 2028 fallere,
1699 1974 1878 2028 sciant,
1898 1977 1949 2023 in
1973 1988 2114 2037 expe-

364 2044 585 2089 rimento
605 2053 712 2089 tam
741 2040 958 2089 delicato
983 2072 996 2093 ,
1034 2053 1144 2087 non
1177 2037 1443 2087 difficulter
1479 2038 1780 2087 intervenire
1820 2034 2077 2087 obstacula
2098 2069 2113 2092 ,

367 2117 478 2165 quae
499 2101 734 2152 effee‘tum
756 2102 1058 2168 impediant,
1095 2102 1178 2150 vel
1205 2097 1514 2151 frustrentur.
1616 2103 1731 2152 Nec
1756 2100 2007 2168 displicere
2025 2115 2116 2166 po-

364 2163 457 2214 test
488 2166 885 2228 respon1i0,qnae
909 2164 1191 2221 adversariis
1214 2164 1375 2229 placet
1394 2168 1446 2216 in
1470 2164 1631 2215 simili.
1703 2166 1970 2230 Virgulam
1994 2178 2111 2227 prae·

368 2240 591 2294 paratam
614 2244 670 2276 ex
695 2231 829 2282 alno,
847 2229 881 2277 si
902 2226 1050 2278 instar
1074 2230 1365 2292 magneticae
1386 2229 1600 2292 lingulae,
1615 2228 1757 2293 super
1777 2229 1935 2279 obelo
1955 2224 2111 2290 perfe-

370 2288 448 2341 cte
470 2290 674 2341 libretur
697 2324 709 2345 ,
744 2293 1067 2341 inclinatione
1089 2291 1169 2340 sua
1189 2291 1406 2355 prodere
1438 2294 1611 2342 dicunt
1632 2293 1874 2341 latentem
1896 2286 2079 2338 undam
2094 2318 2109 2341 ‚

371 2353 482 2408 etsi,
508 2353 564 2403 ut
583 2353 763 2403 fatetur
784 2352 1198 2419 Cotylo-Mastix
1225 2370 1335 2404 non
1358 2371 1516 2404 nemo
1533 2389 1547 2410 ,
1572 2355 1645 2415 etfi
1678 2371 1758 2401 non
1781 2355 1925 2419 quovis
1950 2361 2109 2410 tempo.

374 2434 443 2470 re,
456 2416 527 2475 sed
543 2430 642 2464 ante
662 2418 881 2463 meridiem
901 2422 951 2464 ιὶτ
961 2418 1198 2478 plurimam
1222 2450 1236 2471 ‚
1278 2419 1376 2464 dum
1396 2431 1532 2479 vapor
1549 2418 1605 2474 est
1633 2418 1852 2479 copiofior,
1882 2415 1989 2460 hunc
2005 2424 2113 2473 prae-

365 2482 453 2537 stet
472 2477 662 2539 effeffum
687 2497 701 2526 .·
736 2482 969 2526 meridiano
993 2494 1136 2528 autem
1166 2479 1188 2538 (
1208 2492 1357 2542 utpote
1377 2494 1540 2543 vapore
1565 2482 1795 2540 confitmpto
1815 2476 1838 2534 )
1867 2493 1947 2522 non
1965 2478 2070 2522 item
2096 2491 2112 2522 ο·

376 2558 475 2597 cunt
499 2545 610 2595 enim
642 2544 860 2605 virgulam
882 2544 1102 2597 Alainam
1131 2545 1262 2608 paul&
1293 2546 1419 2601 ante,
1450 2544 1478 2595 ὰ
1497 2557 1656 2608 vapore
1687 2540 1711 2600 <
1726 2553 1852 2593 terra
1875 2550 2110 2651 exelgloe’

1895 2618 1974 2654 avi
2012 2618 2059 2655 e·

2168 2146 2175 2302 :m

2168 2307 2175 2371 ⁴1„
