2175 2911
61 457 197 513 Arist.
212 458 242 506 l.
253 471 272 506 1

62 523 260 586 Mecaph.

63 1041 282 1097 L.20.c.4

64 1233 182 1279 Plin.

61 1296 176 1352 l.25.
191 1306 279 1353 c.9.

75 1912 244 1961 Matth.

140 1990 216 2035 24.

82 2230 187 2283 Aet.
201 2231 292 2294 Ap.

373 102 434 157 86
937 94 1057 150 circe
1080 94 1375 163 Philosbpmcae
1399 107 1418 121 Ὗ

306 198 480 250 deseris
504 215 515 248 ε
563 194 781 262 Scyllam
806 194 962 263 fugis,
985 199 1037 249 ὅ(
1064 196 1238 248 incidis
1266 199 1320 246 'in
1347 192 1680 258 Charybdim.
1773 195 2057 254 Enimverb

305 263 544 330 plurima,
566 277 675 325 quae
695 260 759 310 de
780 262 941 326 Magis
963 261 1220 315 feruntur,
1243 275 1352 310 non
1378 257 1545 308 modo
1557 258 1723 307 inania
1742 258 1876 316 sunt,
1897 261 1979 312 sed
2012 268 2064 317 δε

305 323 528 377 omnino
552 325 758 375 ridicula
776 357 789 380 ‚
826 340 882 374 ac
900 341 1008 377 non
1031 324 1126 374 :nisi
1144 324 1388 389 AEsopicis
1408 320 1565 387 :digna
1584 322 1868 375 annalibus.
1938 327 2063 383 Hoc.

306 405 490 454 nempe
515 392 695 439 vitium
716 387 920 439 humani
948 390 1136 454 generis
1160 421 1172 442 ‚
1209 400 1263 437 ut
1282 385 1409 435 sicut
1427 388 1479 435 in
1498 384 1645 435 rebus
1666 389 1814 436 novis
1873 388 1975 438 lebs
1997 386 2066 439 fa*-

307 449 400 501 cile
423 454 641 506 credula,
655 455 719 501 ita
738 456 789 504 ὃς
808 452 893 517 ipsi
910 455 960 502 in
982 454 1216 517 Peripato
1240 449 1402 516 Sophi
1423 449 1547 514 saepe
1575 449 1778 505 fabulis,
1807 465 1842 514 q
1881 453 1923 501 ia
1949 455 2064 505 miri

309 517 569 580 quidpiam
603 519 892 571 continent,
913 516 1244 566 oblectentur.
1316 514 1454 578 2Qis
1481 515 1636 564 enim,
1674 513 1761 563 nisi
1785 530 1913 564 :eum
1934 516 2066 566 Ovi-

308 581 397 629 dio
408 583 591 638 menc'et
612 581 767 640 Aonijs
790 579 893 628 bene
906 591 1049 642 potus,
1068 581 1122 626 (φ
1155 577 1297 626 ebrim
1314 581 1450 631 undis,
1504 579 1575 626 uis
1599 577 1769 625 credat
1782 590 2064 628 metamor-

305 643 484 708 phoses
505 644 608 692 illas
624 677 636 697 ,
663 658 768 693 tam
789 644 958 708 dignas
980 643 1072 692 risu
1090 675 1103 697 ‚
1130 641 1286 705 quam
1305 591 1661 704 Philofrliphica
1676 640 1910 706 indignas
1925 640 2070 692 fide?

306 704 467 761 certe,
489 709 574 771 qui
608 708 875 756 Diomedis
904 709 1117 755 comites
1143 710 1196 756 in
1223 720 1364 758 aves,
1391 703 1571 769 Ulyffis
1595 703 1765 753 -soe'ios
1795 705 1992 755 aCirce
2006 707 2066 755 -in

306 768 481 819 bestias
514 784 735 819 mutatos
756 770 842 819 fibi
866 769 1151 834 periuadet3
1195 771 1280 831 qui
1305 767 1461 817 fidem
1489 767 1703 816 adhibet
1719 768 1916 818 Medeae
1950 782 2067 833 pto-

306 835 472 898 digiis,
494 835 672 896 quibus
696 850 830 882 nunc
849 835 969 883 Seni
989 833 1177 881 socero
1197 834 1555 890 Juventutern,
1575 846 1717 879 nunc
1739 830 1832 880 :fibi
1855 831 2066 881 volatile

306 894 528 947 essedum
544 930 557 948 ‚
584 901 838 961 aurigante
863 898 1104 946 Dracone
1127 929 1143 950 ,
1172 896 1309 943 velut
1335 909 1473 942 nova
1490 894 1694 958 *Cybele
1715 894 1920 942 dederat
1940 929 1954 946 ‚
1987 909 2064 944 nae

305 958 392 1010 iste
432 961 574 1008 adeat
606 961 897 1023 vespillones
920 977 932 1006 :
991 973 1113 1006 nam
1148 958 1330 1020 cespite
1365 971 1587 1004 meretur
1609 958 1718 1020 ‘tegi
1757 989 1771 1010 ‚
1813 958 1894 1005 cui
1934 971 2069 1005 cere-

306 1024 455 1072 brum
477 1025 543 1070 ita
560 1024 774 1084 cespitat.
843 1023 976 1069 Hinc
1004 1016 1095 1068 est,
1113 1016 1459 1078 quodPlinius
1485 1018 1671 1066 merito
1695 1018 1931 1081 explodat
1957 1021 2068 1069 Ma-

308 1088 495 1152 gorum
518 1084 783 1147 figmenta,
803 1081 984 1143 quibus
1010 1080 1283 1131 volebant,
1311 1093 1447 1125 nunc
1480 1076 1773 1142 AEthiopide
1805 1079 1961 1130 herba
1986 1082 2072 1132 fic-

309 1152 406 1198 cari
434 1161 624 1197 amnes,
649 1148 698 1195 &
723 1143 951 1193 flumina,
979 1140 1184 1202 eiusque
1201 1140 1441 1188 contactu
1472 1141 1630 1189 clausa
1663 1144 1837 1205 aperiri
1865 1147 2070 1193 omnia.-

308 1225 444 1261 nunc
458 1206 820 1257 Alchimenide
851 1200 1081 1262 conjecta
1104 1205 1156 1251 in
1178 1205 1339 1251 aciem
1365 1199 1623 1258 hostium,
1643 1205 1890 1269 trepidare
1910 1208 2071 1271 agmi-

310 1290 373 1323 na
388 1305 400 1325 ‚
422 1287 480 1320 ac
498 1284 638 1334 terga
656 1281 872 1319 vertere:
909 1282 1046 1317 nunc
1064 1282 1153 1331 per
1173 1265 1413 1316 Lataeem
1427 1298 1441 1320 ²
1462 1264 1490 1315 ὲ
1507 1268 1765 1317 Persarum
1790 1270 1934 1334 Rege
1965 1271 2071 1322 dari

305 1337 506 1387 solitam
537 1335 734 1398 Legatis
759 1365 774 1387 ‚
797 1346 1111 1395 quocunque
1144 1330 1357 1379 demum
1384 1332 1413 1386 ii
1437 1329 1756 1385 devenerint,
1786 1348 1959 1381 rerum
1980 1348 2071 1382 co·

343 1397 390 1449 ia
417 1395 704 1447 abundasse.
802 1397 961 1446 Nunc
983 1394 1272 1443 Democriti
1296 1393 1678 1443 medicamentis
1709 1395 1997 1450 formosos,
2015 1398 2070 1449 <sc

333 1472 596 1513 ortunatos
612 1461 836 1523 generari
856 1457 1068 1508 liberos:
1101 1454 1955 1519 nunc'herba‚quam'Verbenacam
1977 1475 2072 1509 no·

309 1527 536 1578 minant,
557 1522 825 1587 perunCtos
855 1524 1122 1586 impetrare
1149 1520 1353 1574 cuncta,
1372 1535 1482 1583 quae
1507 1521 1689 1575 velint,
1721 1521 1883 1572 febres
1898 1524 2071 1587 abige·

310 1604 390 1643 re,
412 1587 650 1636 amicitias
676 1585 962 1638 conciliare,
982 1580 1209 1648 nullique
1238 1599 1347 1634 non
1378 1584 1569 1632 morbo
1598 1582 1835 1634 facillime
1859 1585 2070 1635 mederi.

312 1646 465 1701 Certe
481 1652 565 1712 qui
587 1653 654 1698 ita
675 1648 937 1702 insaniunt,
963 1650 1132 1709 utique
1153 1647 1316 1696 herbis
1342 1645 1632 1704 hujusmodi
1649 1680 1661 1700 ‚
1677 1648 1764 1695 sed
1791 1647 1949 1711 magis
1968 1649 2070 1697 hel-

310 1715 495 1764 leboro
533 1712 756 1776 indigere
786 1707 932 1762 facile
957 1713 1345 1761 convincuntur.
1427 1711 1636 1759 Saniora
1655 1709 1826 1758 suadet
1847 1710 2071 1760 Philoso-

310 1777 425 1845 phia
441 1810 455 1832 ‚
473 1792 582 1840 quae
607 1778 678 1825 uti
708 1776 919 1841 plurima
944 1777 1231 1825 contemnit
1254 1774 1312 1823 ut
1338 1773 1479 1826 falsa,
1501 1775 1565 1821 ita
1591 1772 1921 1822 nihilominus
1940 1773 2071 1823 mul-

310 1855 359 1891 ta
384 1844 590 1890 miratur
619 1838 676 1888 sit
704 1854 844 1889 vera:
890 1855 1009 1887 nam
1044 1853 1225 1903 negare
1254 1852 1364 1901 quae
1398 1837 1459 1885 de
1491 1838 1656 1901 Magis
1688 1835 1925 1901 AEgyptijs
1946 1870 1962 1892 ‚
2002 1836 2068 1886 de

311 1902 916 1968 Pseudo-Prophetarum
944 1901 1071 1963 figniae
1093 1936 1106 1953 ‚
1149 1915 1277 1966 atque
1313 1900 1522 1962 prodigijs
1570 1897 1808 1948 testantur
1845 1901 2068 1950 Codices

314 1970 431 2017 sacri
453 2001 466 2023 ‚
499 1966 633 2016 foret
659 1968 903 2031 impium:
948 1965 1215 2030 explodere
1238 1998 1252 2018 ,
1280 1979 1389 2028 quae
1424 1964 1485 2011 de
1508 1963 1719 2013 Simone
1755 1964 1919 2028 Mago
1940 1996 1954 2016 ‚
1985 1979 2071 2013 cu-

317 2034 389 2089 jus
402 2031 531 2079 fraus
542 2025 1099 2095 inEvangelio‚ali1'sque
1110 2028 1305 2084 nefariis
1318 2026 1537 2076 referunt
1549 2023 2071 2076 AnnalesEcclefiasti-

319 2095 394 2147 ci,
425 2092 558 2141 foret
589 2094 871 2157 indignum.
969 2094 1108 2158 Quip
1147 2109 1174 2141 e
1209 2091 1338 2142 Orbi
1372 2105 1557 2141 notum
1589 2088 1684 2145 est,
1714 2089 1778 2139 sic
1808 2090 1960 2140 Orbis
1978 2089 2070 2140 Ur-

318 2156 458 2206 bem,
484 2156 817 2220 Sycophantae
840 2156 983 2214 hujus
1004 2160 1120 2223 prael
1144 2156 1248 2221 igiis
1266 2166 1559 2204 excaecatam
1574 2187 1587 2208 ,
1610 2167 1665 2203 ut
1683 2154 1745 2202 de
1770 2169 1835 2203 eo
1863 2154 2063 2202 dixerit:

320 2220 401 2267 baec
428 2218 484 2271 el}
526 2218 674 2266 Virtus
713 2223 863 2272 DEI,
900 2237 987 2285 quae
1019 2233 1203 2267 vocatur
1236 2234 1388 2279 magna
1424 2235 1434 2266 :
1534 2215 1646 2267 imo
1680 2230 1735 2267 ut
1775 2217 1936 2265 eidem
1965 2231 2068 2265 ere-

320 2283 442 2331 xerit
474 2278 684 2330 statuam
717 2281 809 2331 hae
842 2283 1142 2349 Epigraphe:
1187 2285 1346 2330 Simoni
1379 2283 1508 2330 DEO
1537 2281 1697 2340 Ιέιηξὶο.
1795 2277 1955 2342 Quod
1981 2295 2065 2328 au·
2119 2329 2123 2331 ,

324 2357 431 2394 tem
448 2346 644 2409 Stygius
667 2342 870 2395 Alastor
891 2363 976 2412 per
994 2350 1261 2398 Neronem
1287 2361 1380 2395 nec
1407 2347 1614 2395 unicum
1647 2343 1852 2394 ediderit
1882 2343 2067 2407 Magiae

324 2410 747 2473 experimentum,
766 2408 997 2459 voluntas
1017 2426 1125 2460 non
1145 2409 1330 2464 defuit,
1352 2409 1435 2459 sed
1460 2409 1681 2458 facultas.
1779 2405 1905 2456 Non
1926 2408 2064 2459 enim

324 2474 610 2537 permittere
642 2482 839 2535 poterat
859 2472 973 2522 DEI
1003 2474 1214 2539 provida
1243 2474 1473 2529 Bonitas,
1493 2484 1548 2521 ut
1573 2471 1772 2520 summae
1796 2470 2068 2532 potentiae,

327 2547 479 2600 atque
499 2535 694 2586 malitiae
707 2566 722 2592 ²
739 2535 791 2586 in
809 2548 1074 2602 purpurata
1089 2537 1186 2590 hae
1204 2536 1423 2605 tygride‚
1442 2533 1699 2587 accederet
1716 2531 2064 2650 Magia-{plut

1824 2606 1925 2661 apti
1976 2626 1998 2637 -
