2175 2911
673 137 806 184 Atliu
832 133 1154 198 Philonphicm.
1694 147 1758 186 λι

82 225 347 298 frigidum,
368 229 419 283 in
439 242 544 296 quo
567 228 750 281 Veneni
772 227 924 279 virtus
947 227 1222 292 potissima,
1240 225 1428 292 qusque
1445 230 1713 298 praeprimis
1735 239 1830 279 no-

79 296 226 347 scitur
252 294 465 346 refistere
492 293 824 359 corruptioni.
886 291 1212 342 Problemata
1231 293 1418 356 reliqua
1433 328 1446 349 ,
1467 310 1575 357 quae
1597 295 1648 343 in
1667 289 1838 343 Athe,-

79 375 194 409 naeo
221 359 376 423 affigit
400 360 591 423 Jupiter
618 358 918 410 fulminans,
948 371 1006 405 ex
1029 355 1165 404 dietis
1193 356 1392 405 facilem
1423 358 1691 407 sortiuntur
1713 370 1828 405 ana·

78 423 218 485 lyfin.
297 423 565 485 Intelliges,
591 436 679 470 cut
699 420 784 469 sub
802 422 1111 485 Imperatore
1131 421 1367 468 Macrino
1381 453 1394 474 ,
1413 421 1692 487 Theatrum
1723 417 1829 498 ipso

78 486 432 537 Vulcanalium
454 486 557 538 die,
580 485 714 533 sacro
733 486 847 549 igne
869 480 895 533 ὲ
925 482 1081 532 Coelo
1101 482 1289 549 tastum
1306 517 1318 536 ,
1340 486 1578 533 incendio
1613 484 1830 548 flagrarit

77 562 180 598 tam
204 550 467 613 pertinaci,
484 560 543 597 ut
563 563 656 597 nec
671 548 811 604 fluvij
825 581 837 602 ‚
854 562 951 596 -nec
968 543 1309 612 profufillimae
1326 547 1504 609 pluviae
1525 543 1829 611 restinguere

75 613 321 661 valuerint
337 612 616 676 serpentem
633 610 922 661 flammam:
954 623 1142 673 nempe
1161 608 1495 657 bituminolus
1511 611 1720 674 spiritus,
1735 609 1828 659 ful-

75 678 252 723 mineo
284 674 499 738 sulphuri
534 675 627 722 fuit
651 676 906 722 immixtus
927 707 940 724 ,
973 674 1204 722 bitumen
1233 684 1402 720 autem
1428 672 1516 720 sub
1540 672 1648 736 ipfis
1684 673 1829 722 undis

78 736 702 802 flagrare,Pyrotechnicus
719 752 830 784 non
861 733 953 791 est,
974 738 1059 798 qui
1081 747 1244 799 negat.
1313 736 1446 783 Hinc
1476 735 1614 788 lacle,
1641 739 1690 784 ὃ(
1710 752 1827 800 prae-

76 797 220 864 cipue
241 804 463 863 caprino,
481 801 733 861 extingues
754 799 934 847 melius
959 799 1178 849 Vulcani
1196 798 1371 849 furias5
1404 798 1481 844 lac
1512 799 1646 845 enim
1671 799 1759 846 suo
1781 798 1828 846 se

76 865 266 925 glutine
295 859 555 922 affigit-,ac
576 862 709 910 intra
742 877 925 926 poros,
955 877 1085 924 quos
1112 873 1358 925 occupat,
1381 858 1595 909 suffocat
1614 863 1830 922 ignitam

73 926 225 988 luem.
322 923 572 986 Intelliges
589 956 602 976 ,
625 939 719 972 cur
751 924 967 974 fulmine
1003 926 1245 974 feriantur
1266 921 1582 986 frequentiuS
1609 925 1738 977 alta,
1757 939 1833 971 ra-

74 984 135 1034 ro
154 985 381 1034 humilia.
444 987 588 1035 Nam
609 985 645 1034 fi
665 1003 784 1036 cum
799 989 1241 1053 turriArgcntina,
1264 987 1675 1051 quadringentos,
1689 988 1834 1048 quin-

74 1052 327 1112 quaginta,
346 1051 396 1097 &
424 1048 615 1112 septem
650 1051 799 1112 pedes
822 1084 835 1103 ,
865 1055 1071 1100 a'e'rcum
1103 1054 1341 1099 verticem
1377 1050 1592 1099 nubibus
1620 1051 1834 1103 inseras,

74 1113 196 1174 quid
216 1113 429 1165 mirum,
451 1111 485 1158 fi
517 1111 734 1173 obliquae
764 1113 987 1160 fulminis
1016 1114 1198 1161 semitae
1227 1110 1386 1175 magis
1415 1113 1662 1175 expositus
1683 1146 1698 1166 ,
1729 1128 1826 1161 cre-

72 1174 239 1223 briora
261 1176 421 1237 capias
449 1172 475 1221 a
497 1173 711 1222 fulmine
741 1176 970 1223 vulnera?
1004 1176 1270 1237 intelliges,
1291 1190 1379 1222 cur
1404 1187 1661 1222 tormenta
1685 1191 1831 1224 ruen-

74 1239 132 1285 tis
163 1237 385 1285 fulminis
410 1249 642 1285 avertant
676 1238 920 1301 pericula3
953 1235 1065 1286 imo
1096 1253 1185 1286 cur
1208 1252 1482 1286 nonnemo
1513 1233 1540 1286 ὲ
1559 1239 1789 1302 Brisgojae
1813 1271 1829 1292 ,

76 1300 160 1348 ubi
177 1300 286 1348 haec
308 1299 874 1362 ÷loquimur,inquilinis
896 1334 910 1354 ,
935 1303 1213 1364 agitatione
1240 1300 1356 1364 pilei
1385 1297 1538 1349 unica
1576 1301 1832 1365 praesentes

73 1363 256 1412 trisulci
288 1364 429 1420 ‘Jovis
465 1362 667 1412 evaserit
691 1362 894 1409 furores
913 1381 929 1409 s
973 1378 1066 1410 cur
1094 1363 1334 1410 feriantur
1360 1363 1526 1427 saepius
1558 1377 1805 1413 torrentes
1816 1381 1831 1416 3

73 1424 534 1478 cur'inconsultum,
564 1425 821 1487 mugiente
842 1425 1001 1473 Coelo
1021 1428 1074 1472 in
1093 1426 1281 1489 campis
1306 1440 1520 1479 currere,
1545 1439 1628 1474 aut
1651 1428 1700 1473 in
1712 1428 1829 1475 Mu-

75 1489 171 1537 saeo
196 1488 412 1537 liberum
431 1491 530 1536 aeri
556 1486 814 1536 tranfitum
838 1487 1124 1552 indulgere,
1148 1489 1265 1550 quia
1296 1487 1501 1541 scilicet,
1525 1488 1630 1536 haec
1652 1491 1831 1537 omnia

71 1551 271 1600 subtiles
299 1551 518 1599 fulminis
545 1550 719 1599 halitus
734 1583 747 1604 ,
767 1549 867 1599 una
889 1566 1008 1599 cum
1035 1566 1178 1603 aura,
1202 1550 1456 1599 attrahunt
1466 1550 1652 1615 potius,
1674 1549 1830 1612 quam

73 1614 378 1679 propellunt.
407 1614 512 1662 iSe'd
530 1611 639 1662 satis
655 1613 1115 1677 ,defulminaquod
1130 1613 1253 1678 saepe
1272 1613 1501 1669 brutum,
1512 1613 1829 1677 Philosopho

70 1677 163 1726 nifi
187 1677 371 1730 brute,
388 1676 542 1725 ratius
566 1677 854 1726 timendum
864 1695 879 1729 3
908 1678 1060 1737 -quod
1083 1677 1122 1726 fi
1151 1679 1259 1740 quis
1285 1680 1342 1726 in
1371 1676 1478 1726 sinu
1504 1678 1661 1725 aleret
1689 1678 1830 1740 lepo-

69 1755 209 1793 rem,
228 1746 280 1788 in
298 1736 612 1788 subterranea
639 1738 812 1804 crypta
828 1740 922 1788 sese
943 1743 1119 1790 vivum
1136 1740 1364 1806 sepeliat:
1396 1756 1522 1789 nam
1543 1741 1671 1790 ultra
1687 1743 1831 1803 quin-

70 1818 175 1865 que
192 1802 376 1866 pedes,
400 1815 482 1851 aut
501 1803 725 1856 cubitos,
746 1816 884 1852 terrae
907 1804 1109 1852 fulmen
1128 1807 1430 1868 immergere
1458 1820 1572 1852 non
1599 1804 1727 1852 solet
1750 1807 1829 1853 ae'-

75 1881 187 1914 reus
205 1867 420 1929 Jupiter,
443 1865 528 1914 nisi
546 1864 689 1928 ‘forte
718 1868 825 1916 vim
856 1867 1235 1917 addatTonans
1268 1868 1375 1920 ille,
1399 1866 1428 1931 va
1459 1867 1596 1924 cujus
1625 1866 1825 1921 furore,

68 1943 222 1977 mens
245 1925 376 1976 male
398 1929 620 1987 conscia,
650 1946 745 1978 nec
772 1932 824 1978 in
838 1931 1023 1979 inferni
1046 1930 1282 1979 barathro
1298 1964 1310 1984 ,
1332 1930 1438 1978 satis
1458 1929 1507 1977 se
1535 1930 1824 1978 occultabit.

195 1991 399 2041 LEUC:
459 1995 708 2041 *Terror-es
724 1991 953 2042 coelestes
966 2007 1028 2043 tu
1047 1997 1100 2042 in
1113 1993 1333 2042 fulmine
1352 1992 1618 2042 hae’tenus:
1656 1994 1828 2050 adjun-

76 2070 136 2119 ge
149 2055 367 2107 hidem,
389 2056 531 2112 Jovis
555 2056 733 2119 placati
754 2059 1014 2111 nuntiam,
1042 2056 1306 2105 serenitatis
1333 2057 1695 2121 prodromam,
1711 2071 1826 2121 vquae
1855 2075 1957 2123 Iri„

75 2114 336 2167 coelestem
365 2118 555 2167 Telluri
589 2134 767 2182 pacem
797 2136 1013 2170 ,amoena
1032 2119 1164 2168 ferat
1181 2152 1196 2174 2
1221 2121 1550 2170 multicolore
1578 2119 1823 2171 caduceo.

79 2182 219 2245 Qid
254 2181 315 2229 de
336 2177 423 2229 ista
454 2180 631 2229 eruditi
660 2181 980 2247 Philosophi?
1045 2185 1202 2229 MEL:
1269 2183 1546 2234 Coloribus
1574 2187 1715 2241 variis
1743 2184 1825 2234 de-

76 2249 288 2310 pingunt
310 2256 583 2292 meteoron
611 2241 739 2293 istud
763 2246 1131 2309 emphaticum:
1167 2246 1484 2297 Poffidonius
1516 2248 1666 2296 Phoebi
1684 2250 1822 2311 specu-

73 2310 167 2356 lum
189 2308 424 2372 appellat:
461 2308 651 2357 Seneca
670 2307 874 2363 roscidam
901 2310 1004 2355 Solis
1032 2312 1273 2369 imaginem.
1348 2313 1624 2376 ,Samogitae
1639 2309 1820 2370 fortuma

75 2372 291 2431 cingalum
313 2368 504 2425 dixere,
530 2370 673 2433 quod
704 2371 832 2420 dum
854 2371 1101 2435 splendet,
1118 2375 1269 2436 perit,
1290 2369 1463 2439 ⁴sitque
1488 2388 1596 2425 ram
1623 2372 1820 2423 difficile

81 2447 246 2500 captu,
258 2432 416 2497 quam
440 2434 653 2482 amabile
675 2433 801 2484 visti:
841 2437 915 2492 alij
934 2436 1266 2487 nominarunt
1283 2439 1577 2499 opasExcelffi
1588 2436 1820 2497 jucundum
1851 2463 1856 2467 ›

80 2498 378 2557 fiveffaculum,
400 2498 612 2544 oculorum
640 2499 839 2550 illiciam,
863 2501 982 2559 pacis
1003 2499 1253 2560 symbolum.
1355 2497 1594 2567 Optime,
1624 2499 1818 2547 divinus

85 2561 226 2614 Plato
240 2593 255 2620 2
274 2560 414 2613 illam
442 2561 646 2615 vocavit
662 2559 996 2677 Thaumantigm
1009 2595 1022 2617 ,
1039 2563 1122 2616 seu
1137 2566 1443 2619 admirationi&
1465 2566 1619 2614 filiam
1642 2572 1823 2675 ,fratris

971 2638 1001 2685 3
1678 2637 1757 2675 ΟΣ·
