2175 2911
756 110 936 171 Vtrgula
956 111 1204 166 Pharaonia.
1727 127 1783 175 61

146 220 195 256 as
215 238 229 261 ‚
263 206 409 256 callet
425 205 506 255 ille
526 203 917 267 Philologorum
947 208 1184 254 omnium
1210 208 1383 271 placita
1406 245 1420 266 ‚
1455 216 1506 266 ὃς
1527 214 1736 279 quidem
1753 215 1854 267 fine

156 270 300 320 udio:
335 270 538 319 resolvit
556 282 739 316 omnes
759 269 997 317 omnium
1007 267 1350 333 Sophistarum
1372 275 1583 328 fallacias
1598 313 1611 334 ‚
1645 280 1746 329 fine
1765 278 1857 329 dif-

108 331 359 382 ficultate:
397 328 735 381 abstrufiffima
763 329 984 379 exhaurit
1004 344 1189 380 naturae
1215 350 1416 393 arcana,
1443 344 1491 391 ὃς
1520 341 1621 390 sine
1652 343 1852 393 labore:

106 399 335 461 peritiam
367 396 601 443 omnium
630 397 810 443 artium
831 426 843 446 ‚
879 393 1146 456 totamque
1172 398 1498 451 Scientiarum
1534 407 1855 471 Encyclopae-

108 459 245 507 diam
274 458 372 507 sme
403 453 686 521 magisterio
716 455 928 521 poffidet
948 490 962 512 ‚
994 458 1161 530 infelix
1185 460 1237 507 in
1255 461 1342 532 ‘sua
1372 466 1603 516 felicitate
1633 471 1852 519 Lucifer.

106 522 267 578 Hujus
288 517 419 570 certe
437 521 620 569 intuitu
642 519 1013 574 obmutescunt,
1034 533 1182 588 etiam
1197 522 1370 575 Divini
1389 529 1646 584 Platonem
1681 532 1855 582 balbu-

105 586 235 633 tiunt
271 584 503 632 humanae
535 584 866 647 intelligentiae
900 585 1136 638 termini,
1160 585 1422 650 Stagiritae:
1476 597 1741 644 caecutiunt
1772 597 1855 645 Sa-

103 647 343 696 lomones
369 680 381 700 ‚
413 645 691 708 eaeteraque
723 645 981 695 clarissima
1014 649 1240 697 Scientiae
1271 650 1488 708 lumina,
1525 671 1655 720 quos
1686 657 1741 707 ῐη
1768 660 1854 708 Sa.

104 712 294 774 pientes
317 710 532 758 Graecia,
555 724 685 770 quos
713 707 767 756 ut
791 709 1024 759 humanae
1052 711 1308 760 DoCtrinae
1341 716 1558 767 Oracula
1586 754 1599 775 ‚
1636 734 1855 783 utroque

101 774 294 837 poplite
312 772 541 820 adoravit
558 772 870 832 Antiquitas:
919 785 972 820 ut
989 769 1134 838 plane
1155 776 1346 824 mireris
1361 810 1374 831 ,
1400 777 1631 832 humanae
1654 786 1854 849 Sapien-

102 837 180 883 tiae
210 837 404 896 apicem
415 848 479 880 ne
498 832 706 894 quidem
740 833 971 883 infimam
998 839 1240 901 attingere
1270 838 1507 904 sphaeram
1527 844 1761 910 Angelici
1781 848 1855 895 in-

93 893 346 945 tellectus„
441 896 639 961 Omnes
661 896 864 960 Sophos
893 897 926 945 fi
944 901 1149 963 ingenio
1173 902 1364 967 superes
1380 937 1393 958 ,
1422 903 1738 970 postremum
1760 910 1855 958 dae·

97 974 316 1009 monem
340 974 450 1006 non.
481 958 783 1021 adaequabis„
877 963 1010 1010 Hinc
1037 964 1261 1029 Superis,
1292 982 1436 1023 reor,
1458 975 1719 1034 margarita
1744 987 1854 1021 non

100 1022 252 1070 debet
285 1021 378 1068 effe
412 1021 644 1068 humanae
679 1022 876 1070 donum
913 1026 1137 1075 Scientiae
1162 1060 1174 1080 ‚
1209 1043 1366 1090 quam
1397 1032 1662 1082 liberaliter
1689 1035 1849 1088 adeo,

99 1085 314 1134 Creator
334 1083 529 1146 proiicit
548 1095 662 1130 ante
684 1098 888 1146 porcos.
986 1089 1048 1134 Et
1064 1100 1236 1138 tamen
1254 1092 1409 1153 quam
1428 1097 1574 1144 multi
1596 1129 1610 1151 ,
1651 1099 1850 1147 Leuco-

98 1146 214 1195 thee
228 1179 240 1200 ‚
269 1147 392 1194 tanti
405 1145 594 1194 faciunt
613 1145 732 1208 saepe
753 1145 1037 1202 scientiam,
1063 1162 1119 1198 ut
1138 1152 1495 1206 conscientiam
1515 1159 1722 1222 perdere
1740 1177 1850 1212 non

94 1208 400 1259 formident!
435 1219 540 1256 tam
560 1208 706 1257 avide
726 1208 864 1257 fluxis
883 1210 1074 1260 inhiant
1086 1214 1288 1264 Naturae
1302 1215 1533 1273 bonis‚ut
1543 1222 1849 1272 Cameleon-

99 1274 159 1321 tis
178 1274 228 1321 in
250 1272 620 1325 morenbinani
637 1269 1036 1326 aura‚satia11dos
1054 1275 1148 1324 sese
1169 1277 1451 1331 confidant!
1488 1285 1714 1335 Infelices
1741 1286 1852 1336 Phi-

95 1334 368 1400 losophos‚
404 1337 491 1395 qui
506 1337 675 1397 magni
696 1334 885 1383 faciunt
903 1352 1082 1411 parua,
1118 1343 1255 1402 parvi
1275 1342 1465 1393 faciunt
1487 1350 1703 1411 magna!
1742 1350 1849 1415 Qi

95 1399 404 1448 admirantur
417 1398 620 1447 Naturae
642 1398 767 1445 vires
784 1430 795 1451 ,
829 1400 879 1447 ὃς
903 1400 1034 1447 male
1054 1401 1314 1465 negligunt
1338 1409 1574 1458 virtutem
1610 1413 1620 1458 l
1689 1412 1847 1460 Caete-

93 1461 210 1511 rum
230 1478 340 1510 non
367 1460 565 1509 tantum
576 1458 790 1514 scientia,
809 1459 890 1509 sed
912 1464 961 1512 ἀ
974 1459 1223 1534 stupendis
1242 1468 1425 1518 viribus
1442 1473 1603 1535 pollet
1620 1473 1846 1523 tenebra-

93 1541 209 1574 rum
228 1526 474 1588 Princeps.
551 1523 662 1579 Ejus
685 1528 965 1588 potentiam
990 1524 1022 1574 fl
1049 1524 1190 1575 noste
1209 1532 1372 1594 cupis,
1395 1536 1626 1596 nunquid
1648 1536 1729 1583 ille
1748 1534 1845 1591 est,

92 1591 168 1651 qui
184 1587 460 1634 conturbavit
484 1599 671 1637 terram,
709 1589 783 1650 qui
802 1589 992 1649 concuffit
1013 1591 1184 1649 Regna,
1200 1597 1275 1655 qni
1285 1594 1423 1653 positit
1444 1597 1598 1644 Orbem
1620 1599 1842 1658 defi’rtum,
1876 1598 1962 1656 Isa.
1984 1614 2058 1660 14.

93 1649 292 1699 &urbes
318 1650 408 1709 ejus
428 1647 672 1702 destruxit?
725 1650 887 1700 relaxa
906 1653 1083 1718 Stygiis
1100 1652 1425 1708 constrictum
1448 1662 1654 1710 vinculis
1668 1695 1679 1715 2
1701 1664 1752 1712 δε
1775 1665 1849 1712 in·
1875 1680 1923 1711 v.
1942 1665 2016 1714 16,

88 1724 249 1763 vertet
269 1711 742 1766 fideraiconfundet
760 1716 1006 1765 elementa
1020 1751 1033 1772 ‚
1056 1717 1300 1782 disperdet
1317 1723 1546 1787 Imperia,
1569 1725 1657 1773 suo
1672 1737 1850 1776 centro

90 1776 284 1887 dejibciet
304 1789 505 1830 terram,
534 1773 783 1840 nulloque
805 1782 1017 1845 negotio
1038 1814 1051 1836 ‚
1083 1782 1158 1831 sus
1182 1779 1347 1848 de'quc
1376 1799 1533 1836 vertet
1562 1789 1846 1840 universum

92 1840 170 1888 Or
210 1854 309 1887 em.
1537 1868 1539 1871 ’

220 1902 416 1953 LEUC:
484 1904 617 1952 Tam
635 1916 816 1969 potens
838 1905 894 1955 fit
911 1906 1019 1963 ille,
1042 1923 1197 1972 quem
1213 1909 1343 1961 adeo
1364 1911 1584 1962 debilem
1605 1914 1841 1966 sacriAn-

86 1965 220 2014 nales
235 1966 474 2029 produnt,
494 1978 549 2015 ut
567 1971 720 2017 unico
744 1973 900 2020 crucis
913 1970 1056 2036 figno
1071 2005 1083 2026 ‚
1097 1973 1320 2022 Stanislai
1335 1977 1484 2025 etiam
1504 1979 1837 2043 parvuli3quin
1869 1992 1946 2040 26.
1966 1993 2087 2054 Julzj

87 2031 241 2078 unico
273 2027 432 2076 verbo
448 2029 716 2081 simeones
741 2035 794 2081 in
817 2046 1015 2099 turpem
1040 2050 1158 2083 eum
1181 2036 1354 2099 fugam
1376 2039 1645 2096 conjiciant
1667 2044 1682 2091 ?
1730 2056 1835 2093 tarn
1868 2055 1981 2108 Fasti

87 2091 394 2141 imbecillem
417 2124 431 2145 ‚
467 2103 521 2139 ut
543 2092 755 2150 baculo,
791 2100 922 2145 canis
944 2095 1091 2146 instar
1111 2133 1123 2148 ‚
1161 2100 1224 2147 ad
1238 2103 1442 2151 Tartara
1471 2117 1588 2153 eum
1616 2107 1836 2172 relegent
1864 2120 2001 2166 Mari,

84 2154 256 2219 Ignatii
273 2154 304 2199 ἒ]
325 2166 378 2202 ut
401 2151 578 2204 adustis
601 2159 751 2208 etiam
775 2159 1047 2224 unguibus,
1069 2157 1185 2210 vere
1198 2164 1516 2221 Luciferum,
1541 2167 1626 2217 fibi
1652 2184 1839 2236 cogant

88 2217 182 2266 effe
206 2219 467 2266 Dominici
493 2220 508 2266 ἒ
543 2231 645 2267 tam
676 2238 914 2273 enervem
937 2223 1153 2287 denique
1175 2258 1187 2278 ‚
1209 2239 1264 2275 ut
1295 2229 1448 2291 ignita
1472 2234 1620 2281 ctiam
1649 2234 1841 2299 forcipe

86 2280 207 2331 naso
228 2280 553 2329 &instantem
575 2282 760 2334 ducant
781 2284 1026 2335 Dunstani
1051 2290 1066 2336 ἒ
1101 2289 1317 2355 Colnagi
1341 2307 1429 2355 per
1453 2297 1834 2362 contemptum',

86 2344 290 2408 cingulo
311 2343 372 2390 ad
393 2344 503 2394 lesti
520 2346 705 2409 pedem
726 2350 927 2416 alligent
949 2351 1262 2405 Molossum?
1285 2361 1333 2408 ὃς
1353 2350 1381 2403 ὲ
1402 2360 1514 2409 sexu
1535 2362 1685 2410 ctiam
1704 2373 1837 2407 tene·
1862 2355 2052 2406 Invitis.

88 2424 147 2457 ro
168 2409 447 2470 Margaritae
461 2442 473 2461 ‚
495 2410 883 2473 perludibrium,
910 2416 1006 2465 levi
1029 2416 1117 2467 filo
1138 2420 1518 2473 circumducant
1538 2425 1832 2473 Draconem

90 2469 223 2521 hunc
237 2472 463 2535 Stygium
478 2505 489 2523 ‚
513 2470 695 2538 Orb1‘q3
723 2490 825 2527 tam
842 2479 1259 2532 formidandum?
1323 2490 1479 2535 MEL:
1546 2488 1618 2535 Ita
1637 2482 1725 2531 est:
1749 2483 1830 2531 de-

20 2582 21 2585 ,
89 2531 195 2586 bilis
213 2531 281 2584 est
300 2538 353 2587 in
374 2532 555 2588 Christi
574 2537 766 2592 affeclas
779 2575 793 2598 ,
809 2543 960 2658 sediil]
982 2542 1061 2593 sua
1083 2547 1355 2602 terribilem
1375 2551 1468 2602 sese
1485 2549 1668 2616 praebet
1688 2562 1828 2617 nian-

150 2638 152 2641 .
886 2661 893 2666 ρ
992 2619 1016 2665 3
1153 2638 1158 2642 -
1613 2623 1762 2674 cipiet:
