2175 2911
107 1803 276 1850 liothec.

106 1883 147 1914 C.
167 1880 184 1912 I
196 1902 208 1914 .
222 1878 266 1913 2.

35 2376 53 2397 =
119 2358 334 2411 Voluntas·

409 135 468 191 58
1010 129 1207 179 Ramma
1240 125 1505 177 Promethei.

345 222 566 276 Umbrae.
602 221 696 272 Per
721 219 875 273 libros
895 220 1052 288 elapsa
1069 234 1303 288 tempora
1323 219 1704 277 revocamus‚&
1723 215 1985 279 Maiorum
2005 222 2092 275 he.

344 290 514 337 roicos
543 286 765 336 aususrin
785 285 997 336 absentia
1019 286 1328 343 admiramur
1354 284 1626 350 praesentes.
1737 285 1866 349 Qae
1895 301 2098 337 memo-

347 354 473 400 riam
494 349 717 414 fugiunt,
738 346 766 399 ὲ
785 349 903 414 fuga
925 348 1269 414 ephemerides
1294 347 1577 402 retrahunt,
1595 351 1646 399 ὃ(
1664 345 1838 397 frustra
1860 349 1959 407 jam
1983 362 2105 403 atte-

346 418 408 462 rit
429 426 567 465 aems,
594 428 702 475 quae
722 413 874 477 ipsam
899 414 1040 462 atteri
1065 427 1174 460 non
1197 411 1361 459 linunt
1388 421 1602 459 aetatem.
1702 411 1761 461 Id
1791 424 1964 461 tamen
1993 415 2101 462 uni-

345 493 467 525 cum
488 475 641 529 addo,
657 475 785 525 hanc
803 475 982 540 ingenii
1003 475 1218 537 gloriam
1234 507 1247 528 ,
1270 473 1357 521 nisi
1378 475 1586 527 virtute,
1605 475 1760 523 veluti
1785 475 1975 523 lumine
1994 475 2103 540 glo-

344 542 423 588 riae
439 572 452 594 ‚
476 540 697 588 elevetur
712 571 725 593 ‚
745 540 971 588 vanitatis
990 540 1139 587 fumo
1160 538 1271 585 fore
1292 536 1597 590 obnoxiam,
1620 539 1671 587 ὅ(
1701 553 1966 600 nunquam
1996 554 2104 588 ma-

346 601 420 666 gis
459 603 758 657 mortalem,
784 600 937 665 quam
968 600 1087 649 cum
1126 602 1336 649 inaniter
1373 600 1615 664 gloriatur
1653 598 1700 647 se
1737 601 2105 650 immortalem.

347 664 506 715 Sensit
533 665 636 714 hoc
660 664 987 730 Chrysippus,
1011 666 1096 727 qui
1119 663 1446 728 septuaginta3
1487 658 1933 727 Aristarchus,qui
1966 664 2106 713 mille

347 730 750 778 commentarios
776 730 990 776 exaravit
1006 760 1018 781 ‚
1041 742 1171 790 quos
1195 741 1375 774 omnes
1396 725 1660 790 absumpfit
1680 724 1913 780 flamma,
1939 738 1993 776 ut
2019 727 2105 775 sal-

348 805 454 840 tem
481 788 708 840 illustrius
733 794 961 856 perirent.
1031 789 1186 839 Sensit
1209 788 1480 853 Dionysius
1498 822 1510 843 ‚
1534 791 1585 837 in
1613 789 1977 854 grammaticali
2009 791 2119 843 Ref

347 854 547 920 publica
568 857 800 903 emeritus
829 853 1022 902 dudum
1044 855 1307 903 Patricius,
1332 868 1488 915 quem
1517 852 1643 901 ultra
1670 853 1760 899 tria
1791 852 1946 900 millia
1968 855 2111 915 quin-

346 931 526 982 gentos
541 933 553 971 ;
590 914 928 981 Trismegistus
939 917 1113 970 Sudra‚
1128 931 1284 980 quem
1305 915 1446 981 supra
1458 917 1759 979 quingentos
1775 916 1948 979 viginti
1967 917 2115 978 quin-

349 996 450 1043 que
468 1014 482 1035 ,
502 978 579 1029 sex
605 983 654 1031 ὅ(
677 983 877 1045 triginta
906 981 1155 1029 librorum
1186 980 1366 1029 millia,
1387 994 1543 1027 manu
1600 980 1767 1042 ropria
1797 976 2008 1027 exarasse
2040 978 2112 1026 fe-

349 1057 466 1092 runt
481 1078 494 1097 ,
519 1059 743 1106 quorum
772 1046 1011 1092 omnium
1032 1058 1097 1090 ne
1121 1041 1329 1104 quidem
1348 1042 1510 1089 littera
1537 1056 1565 1088 e
1585 1038 1607 1088 t
1628 1037 1878 1103 superstes,
1956 1039 2115 1095 Sensit

351 1103 825 1168 Constantinopolis
848 1140 862 1159 ‚
890 1106 1026 1160 cujus
1062 1103 1376 1152 Bibliotheca
1409 1104 1584 1166 viginti
1613 1102 1861 1150 librorum
1891 1102 2112 1152 millibus

350 1169 580 1221 celebris,
611 1167 711 1214 una
731 1182 851 1214 cum
870 1168 1121 1215 Draconis
1150 1165 1440 1229 ilio,viginti
1461 1163 1612 1228 pedes
1634 1165 1820 1229 longo,
1847 1167 2115 1216 &Home-

349 1233 389 1278 ri
411 1229 588 1283 Iliade,
611 1230 767 1277 aureis
788 1229 957 1278 litteris
980 1225 1189 1281 exarata,
1212 1242 1318 1276 uno
1345 1226 1584 1275 incendio
1608 1225 1776 1292 periit,
1799 1229 1880 1276 vel
1907 1230 2012 1293 ipso
2041 1229 2118 1278 fu-

348 1309 443 1342 mo
474 1288 840 1346 demonstrans,
853 1290 1010 1354 quam
1027 1291 1223 1339 inutiles
1247 1289 1339 1338 {int
1355 1291 1647 1339 Hominum
1672 1306 1820 1346 curae,
1844 1289 2118 1354 quantum-

351 1371 450 1420 que
475 1355 531 1405 fit
551 1359 601 1404 in
625 1355 771 1404 rebus
794 1357 959 1403 inane.
1059 1352 1217 1402 Sensit
1239 1352 1457 1414 denique
1486 1353 1814 1407 Alexandria,
1839 1354 1925 1402 ubi
1940 1355 2117 1404 Ptolo-

351 1435 506 1468 maeus
530 1417 880 1481 Philadelphus
901 1415 1289 1468 Bibliothecam,
1314 1414 1536 1464 collectis
1560 1415 1758 1464 erudito
1781 1431 1839 1464 ex
1858 1417 2001 1465 Orbe
2024 1433 2117 1470 un-¹

352 1483 503 1545 dique
527 1481 698 1539 biblijs,
711 1477 950 1532 instruxit,
966 1494 1120 1542 quam
1135 1492 1307 1527 tamen
1326 1479 1542 1541 &ipsam
1562 1478 2115 1535 devoravitVulcanus‚

350 1547 693 1608 nequicquam
714 1543 830 1594 inde
850 1543 1050 1591 cloffior
1069 1541 1240 1595 fastus,
1262 1540 1348 1589 nisi
1369 1538 1513 1603 quod
1534 1541 1809 1589 Intellefitui
1834 1540 1937 1590 hoc
1962 1543 2118 1592 accla-

308 1634 318 1645 ·
353 1621 514 1658 maret
534 1609 821 1671 Satyricon:
867 1608 1008 1652 exitus
1025 1604 1078 1658 est:
1101 1605 1240 1664 Studij
1259 1615 1402 1663 parva
1415 1603 1573 1661 favilla
1591 1607 1674 1652 tui.
1743 1606 2025 1653 Rationem
2044 1605 2117 1655 fa.

353 1671 416 1720 &i
438 1684 544 1719 tarn
566 1670 896 1719 lamentabilis
918 1684 1025 1718 non
1060 1664 1294 1724 injustam
1322 1662 1471 1724 justus
1500 1665 1708 1730 Lypfius
1738 1664 1970 1730 assignat,
1990 1667 2117 1718 dum

353 1734 484 1784 hanc
507 1733 877 1784 Bibliothecam
898 1749 979 1779 non
1007 1734 1051 1778 in
1072 1731 1187 1789 usum
1203 1731 1397 1779 tantam,
1420 1729 1493 1787 fied
1526 1727 1828 1779 ambitionem,
1855 1730 2118 1794 nominisque

346 1799 603 1861 splendorem
616 1831 629 1851 ,
650 1797 865 1845 erefitam
888 1794 1060 1845 afferit.
1131 1795 1264 1844 Hinc
1283 1793 1557 1842 vanitatem
1575 1791 1808 1840 humanae
1828 1795 2011 1841 mentis
2029 1794 2116 1843 de-

355 1862 557 1925 plorans
573 1894 584 1914 ,
606 1860 824 1922 denique
850 1860 1094 1907 exclamat
1121 1874 1133 1906 2
1178 1857 1347 1918 periere
1371 1856 1636 1906 voluminum
1654 1855 1926 1916 septuaginta
1948 1858 2112 1906 millia:
2158 1874 2163 1877 “

358 1929 393 1972 0
413 1924 667 1981 Thesaurum
682 1927 700 1969 Ι
725 1924 798 1980 fi’d
817 1926 862 1968 in
884 1939 931 1968 re
950 1934 1106 1968 aeterna
1136 1936 1215 1966 non
1233 1932 1447 1966 aeternum.

487 1987 684 2038 LEUC:
721 1987 770 2035 Si
797 1985 961 2034 minus
995 1986 1048 2032 in
1078 1983 1237 2038 libris,
1269 1984 1322 2031 in
1354 1981 1539 2031 artibus
1565 1982 1736 2031 saltem
1767 1983 2117 2035 immortalem

359 2049 625 2113 assequitur
645 2050 860 2113 gloriam
890 2046 1201 2101 Intellestus,
1223 2045 1348 2094 dum
1370 2061 1480 2094 non
1500 2044 1668 2095 modo
1690 2046 1795 2094 illas
1812 2042 2020 2100 inve‘nit,
2034 2045 2118 2096 sed

360 2116 587 2162 inventas
604 2114 667 2161 ad
691 2129 810 2162 eum
829 2111 1148 2177 perfeetionis
1170 2110 1364 2174 apicem
1390 2109 1684 2173 perpolivit,
1704 2121 1759 2157 ut
1775 2110 1990 2158 Momus
2019 2109 2118 2174 ipse

359 2192 469 2226 non
495 2176 723 2227 haberet,
751 2176 894 2238 quod
919 2186 1154 2239 carperet.
1222 2175 1378 2219 MEL:
1447 2174 1520 2221 Ita
1548 2168 1640 2220 est:
1682 2173 1733 2220 in
1756 2169 1900 2219 testes
1932 2172 2117 2222 adduci

359 2238 553 2305 poffent
578 2241 843 2303 praeprimis
865 2237 1085 2292 Muliea,
1107 2236 1346 2290 Pistoria,
1371 2234 1635 2288 Mathefis,
1661 2232 1970 2298 centumque
1992 2236 2115 2291 aliae,

362 2318 579 2366 quarum
603 2302 845 2365 prodigia,
864 2304 1045 2366 Magiae
1066 2299 1301 2349 artificiali
1316 2333 1329 2353 ‚
1352 2297 1529 2347 melius
1549 2297 1870 2346 reservamus.
1958 2301 2116 2348 Nunc

362 2383 414 2413 ne
448 2367 547 2429 quid
573 2369 696 2411 nimis
711 2398 725 2417 ,
745 2365 916 2413 delibo
936 2364 1147 2428 paucula
1169 2363 1231 2412 de
1249 2363 1545 2413 Voluntate.
1607 2360 1859 2424 Magnum
1875 2358 2026 2410 &ista
2051 2358 2120 2410 est

362 2431 568 2481 Naturae
586 2424 895 2491 mysterium.
962 2428 1138 2477 Solam
1157 2427 1202 2475 se
1221 2428 1368 2476 novit
1385 2425 1502 2491 ipsa,
1552 2422 1637 2472 uid
1655 2424 1774 2472 velit
1791 2423 1970 2475 liberas
1993 2440 2117 2474 nam

364 2495 447 2545 sua
467 2492 624 2543 servat
642 2491 822 2541 secreta
835 2490 946 2539 fibi:
982 2487 1091 2539 imo
1112 2505 1208 2539 nec
1230 2491 1327 2554 ipsa
1345 2502 1510 2538 totam
1547 2502 1572 2534 e
1591 2487 1763 2539 novit3
1797 2487 1929 2536 solus
1951 2500 2118 2538 totam

363 2556 613 2626 agnoscit,
630 2556 716 2621 qui
738 2565 905 2611 totam
928 2554 1183 2611 condidit:
1217 2553 1302 2609 sed
1326 2553 1452 2609 dum
1471 2550 1789 2608 voluntatem
1805 2551 2118 2667 intilligtiatdi-

1931 2629 1979 2661 el·
2032 2641 2052 2653 -
