2175 2911
0 102 13 179 l:
634 97 765 165 Scylla
800 91 934 167 ithue'
949 97 1192 165 Oiarybdtff:
1634 112 1729 163 107

10 213 13 251 ἰ
40 194 258 249 labatur:
295 194 416 262 quid
437 190 558 258 ergo
584 196 772 244 mirum
795 228 808 248 ‚
844 192 989 257 quod
1010 210 1118 243 non
1137 191 1225 242 nis1
1244 194 1429 245 ultimae
1451 192 1666 261 syllabae,
1685 211 1793 262 ma,-

11 279 15 313 ῐ
40 263 181 325 ligno
209 262 316 311 fato
339 260 623 323 superstites,
644 258 849 307 redeant
875 257 939 306 ad
960 256 1258 306 Authorem
1279 260 1295 306 ἒ
1325 258 1452 306 adde
1468 292 1481 313 ‚
1496 256 1639 322 quod
1657 262 1792 325 prio-

11 323 15 357 ῗ
40 340 116 372 res
144 324 341 389 syllabas
369 320 567 369 turbare
586 320 776 369 soleant
793 317 1118 386 posteriores,
1154 316 1389 382 adeoque
1409 322 1659 385 expeditus
1680 338 1794 371 non

38 387 127 435 nifi
148 387 326 435 ultimis
347 396 512 447 pateat
534 383 767 447 regressus
789 417 801 438 ‚
838 399 947 446 quae
969 385 1116 447 proin
1142 383 1186 431 se
1205 382 1313 447 ipfis
1336 383 1551 440 juniores
1566 418 1578 439 ‚
1593 385 1674 433 sed
1687 400 1790 434 ma-

11 466 15 483 ··
39 448 111 497 ois
138 449 297 497 fra&ae
321 480 333 500 ‚
368 459 493 494 nota
511 446 658 511 spatia
678 448 905 510 relegunt
921 480 933 499 ‚
957 450 1005 495 oc
1035 446 1132 502 jam
1164 446 1501 494 semimortuae
1524 448 1719 497 auribus
1739 448 1793 496 ilm

12 547 15 551 -
57 512 267 559 abuntur
293 543 306 564 ‚
339 510 495 558 veluti
516 512 566 558 in
586 510 843 558 cunabulis
867 509 1123 575 tumulum
1155 509 1422 571 quaesiturae
1443 542 1455 563 ‚
1492 508 1609 559 cum
1631 511 1789 575 pudu-

13 573 137 633 :iffet
156 585 288 621 extra
313 575 523 636 patriam
545 572 745 636 sepeliri.

12 658 16 664 ·
189 636 386 687 LEUC:
456 637 523 686 Ut
542 636 661 698 quid
690 637 835 699 igitur
860 634 1002 684 Echo
1027 667 1040 689 ‚
1077 634 1212 698 quasi
1238 633 1330 683 suae
1359 634 1562 699 ipsamet
1594 638 1790 701 pertaesa

32 696 247 763 perfidiae
278 732 290 752 ,
326 699 465 748 subin
486 701 707 760 integros
727 699 889 746 reddit
907 699 1059 755 sonos
1075 698 1242 752 ‚subin
1267 701 1438 746 tetrica
1462 701 1679 749 omnino
1695 698 1790 750 stu-

12 757 119 825 Ipet
142 764 191 811 <Sc
215 762 545 810 obmutescit?
580 773 702 808 nota
724 761 833 809 sunt
855 764 1050 811 moenia
1075 761 1292 810 Cadurci
1314 795 1327 815 ‚
1363 762 1426 809 ad
1456 762 1671 812 fluminis
1698 764 1788 813 Ol-

11 813 104 883 fthi
130 826 316 888 ripam,
351 827 402 872 in
421 823 600 886 quibus
621 823 764 872 Echo
790 858 802 879 ‚
840 825 1018 873 urbem
1049 822 1163 874 alias
1186 825 1329 873 exosa
1352 858 1366 878 ,
1402 838 1575 888 praetcr
1601 839 1790 876 naturae

13 887 259 934 {indolem
281 920 294 939 ‚
331 899 434 934 tam
464 888 690 950 pervium
715 886 802 935 fibi
829 888 1009 936 solium
1033 890 1183 936 erexit
1199 900 1280 941 ‚ut
1305 887 1368 936 ad
1384 886 1652 944 Maiestatis
1675 905 1790 953 pro-

13 949 225 1011 ‘digiosae
259 949 542 1012 alloquium
575 952 838 999 neminem
870 966 979 999 non
1009 952 1254 1000 admittat.
1356 953 1672 1014 Neutiquam
1701 950 1788 999 hic

13 1011 307 1075 {balbutiens
328 1045 340 1066 ‚
377 1013 656 1060 dimidiatas
682 1014 890 1077 deglutit
920 1030 1075 1062 voces
1104 1047 1118 1068 ‚
1153 1015 1236 1063 sed
1271 1014 1424 1079 pleno
1459 1030 1550 1063 ore
1571 1047 1585 1068 ,
1621 1013 1786 1062 reddit

14 1072 249 1123 ‘omnino
270 1076 481 1138 integras
495 1108 507 1128 ‚
527 1079 576 1125 ὅτ
600 1076 831 1123 clariores
853 1077 1061 1138 quidem
1077 1110 1088 1129 ‚
1119 1073 1397 1141 magisque,
1425 1076 1580 1139 quam
1598 1077 1697 1141 ipsa
1714 1092 1787 1126 re-

13 1136 254 1201 ceperat,
278 1138 570 1186 articulatas.
653 1135 770 1186 Imo
804 1139 1043 1202 periodos
1073 1141 1314 1202 integras,
1352 1139 1556 1188 Musicae
1585 1140 1788 1202 longio-

16 1204 102 1248 'res
130 1213 406 1249 concentus
437 1201 626 1248 eodem
657 1200 835 1248 ordine
865 1203 1056 1264 repetit,
1080 1214 1132 1249 ut
1156 1217 1218 1248 ne
1242 1203 1443 1249 unicam
1469 1201 1677 1263 quidem
1701 1203 1789 1264 syl-

25 1263 193 1311 labam
227 1263 498 1311 haefitando
529 1276 834 1326 corrumpat.
911 1266 1067 1310 MEL:
1144 1264 1362 1312 Nullum
1399 1263 1573 1312 hocin
1595 1266 1786 1328 punfiw

15 1316 343 1389 lniysterium:
388 1325 646 1389 perfeetius
675 1325 941 1388 reipondet
971 1325 1141 1378 Echo,
1171 1325 1291 1373 cum
1323 1328 1375 1373 in
1396 1326 1789 1393 phonocampti-

15 1385 93 1437 J'co
122 1403 366 1451 corpore,
399 1386 577 1436 melius
606 1387 1000 1451 correspondent
1031 1386 1270 1449 requifitae
1293 1387 1508 1451 superius
1538 1391 1790 1440 conditio-

15 1458 130 1501 11168.
197 1454 291 1500 Fac
312 1453 448 1499 enim
468 1450 624 1499 adsint
655 1452 704 1498 in
721 1450 878 1514 gradu
906 1450 1153 1498 mediocri
1182 1485 1193 1500 ,
1219 1450 1457 1513 loquetur
1478 1451 1622 1500 Echo
1648 1486 1661 1506 ,
1705 1453 1789 1502 sed

15 1513 247 1569 {morosa‚
272 1530 366 1562 nec
385 1513 473 1562 nisi
495 1513 748 1562 dimidiata
768 1513 1044 1561 verborum
1067 1512 1268 1567 funera,
1303 1513 1484 1562 referet
1500 1514 1564 1562 ad
1587 1531 1784 1564 aurern:

15 1574 171 1638 {quod
192 1576 226 1625 fi
256 1579 308 1624 in
337 1577 494 1641 gradu
524 1576 747 1640 perchto
770 1575 915 1624 simul
934 1589 1239 1624 concurrant
1258 1609 1271 1630 ,
1308 1575 1407 1624 sine
1431 1591 1521 1625 ore
1557 1579 1656 1625 oris
1680 1581 1786 1627 vin-

16 1651 105 1688 ss-cet
126 1640 363 1687 miracula
383 1672 396 1693 ‚
432 1640 670 1701 loquetur
692 1639 917 1703 expedita
940 1672 952 1693 ‚
989 1636 1137 1702 sdque
1160 1640 1239 1689 vel
1261 1655 1318 1687 ex
1332 1641 1517 1689 ultimis
1536 1641 1783 1696 verbulis,

16 1701 259 1766 *probabit
280 1701 580 1766 Nympham
595 1735 607 1756 ,
630 1701 733 1750 hoc
757 1699 825 1750 est
843 1702 1133 1767 litigiosam,
1174 1717 1284 1766 quae
1317 1718 1580 1766 nunquam
1602 1704 1786 1753 tacebit

16 1766 218 1828 {primaz
254 1765 503 1828 garrulam
537 1798 550 1819 ‚
587 1780 696 1827 quae
729 1765 890 1813 multa
920 1766 982 1813 ad
1018 1766 1242 1830 linguam
1274 1799 1287 1819 ‚
1323 1765 1445 1815 nihil
1479 1767 1542 1814 ad
1572 1766 1783 1817 limam:

17 1828 367 1890 ‘improvidam
390 1861 403 1882 ‚
440 1843 550 1891 quae
583 1828 828 1891 quidquid
851 1831 987 1878 venit
1015 1833 1067 1877 in
1097 1831 1311 1878 buccam
1334 1865 1348 1882 ‚
1385 1829 1487 1878 sine
1518 1842 1690 1878 mente
1714 1831 1785 1879 ef-

18 1885 159 1943 }futit‚
177 1885 353 1953 nihilqs
376 1891 680 1940 considerat:
719 1891 879 1942 verbo
900 1892 1187 1946 foeminam,
1204 1893 1266 1941 ad
1294 1893 1430 1950 cujus
1456 1908 1619 1957 gerras
1641 1906 1697 1943 tu
1717 1896 1784 1943 ci-

19 1951 120 2001 'tius
147 1952 426 2006 audiendo,
452 1953 608 2016 quam
630 1955 711 2003 illa
735 1955 1002 2018 loquendo
1038 1955 1400 2018 defatigabitur.
1489 1955 1780 2006 Confirmat

27 2015 332 2065 muliebrem
369 2019 575 2078 genium
605 2051 618 2071 ,
653 2021 705 2066 in
737 2018 1058 2075 observantiis
1090 2019 1181 2066 suis
1211 2015 1533 2082 superstitiosa
1569 2021 1780 2084 religio:

18 2080 173 2144 ‘tunica
197 2077 230 2126 fi
251 2076 371 2126 defit
392 2079 620 2128 conditio
637 2114 650 2134 ‚
683 2079 929 2130 obstinata
953 2094 1082 2130 tacet
1113 2114 1125 2135 ,
1162 2094 1217 2130 ut
1248 2098 1304 2129 ex
1323 2082 1606 2146 Pythagora
1638 2083 1780 2132 citius

18 2140 237 2211 usatyram
259 2174 273 2194 ‚
309 2139 471 2203 quant
495 2141 556 2189 ab
587 2143 668 2191 illa
686 2144 953 2193 verbulum
982 2163 991 2192 :
1029 2144 1146 2193 hinc
1180 2144 1213 2193 fi
1243 2145 1500 2201 objcttum
1533 2145 1742 2211 asperius
1764 2181 1780 2201 ,

17 2206 108 2269 {vel
133 2205 284 2252 etiam
305 2204 535 2256 molliuss
570 2204 604 2253 fi
626 2205 836 2255 hiatibus
859 2208 1080 2256 abundet
1105 2242 1118 2262 ‚
1154 2207 1334 2257 sonum
1355 2224 1463 2256 non
1483 2209 1778 2273 repetit‚sed

19 2287 22 2293 ⁴
42 2266 254 2331 ,ispergit
278 2284 290 2314 t
327 2264 437 2316 imo
462 2267 496 2315 si
518 2268 618 2316 loci
651 2271 996 2319 commoditas
1017 2271 1163 2323 ccffct
1184 2305 1196 2326 ‚
1233 2270 1378 2319 cessat
1398 2275 1448 2321 ὃς
1471 2273 1568 2335 ipsa
1590 2306 1604 2326 ‚
1650 2289 1706 2321 ac
1726 2275 1778 2320 in

19 2329 266 2395 speluncis
289 2332 457 2379 vivere
480 2332 674 2380 mavult
695 2332 878 2382 deserta
892 2367 904 2387 ,
920 2334 1074 2397 quam
1093 2337 1143 2383 in
1161 2333 1373 2391 aeclificijs
1393 2337 1562 2384 creetis
1582 2337 1778 2383 incom-

19 2393 202 2454 Ὶ11110613..
312 2392 443 2442 Illud
478 2394 671 2458 prorsus
705 2395 1045 2449 foemineum,
1102 2399 1245 2461 quod
1275 2395 1565 2446 constanter
1602 2400 1781 2445 incon-

19 2451 173 2510 ilstans,
194 2452 393 2519 sibique'
416 2456 611 2521 semper
632 2456 887 2507 dissimilis:
923 2473 1145 2510 mutatur
1162 2461 1224 2510 ad
1246 2461 1441 2515 locum,
1463 2477 1582 2510 nam
1605 2462 1656 2507 in
1677 2455 1771 2507 isto

20 2519 226 2572 *mutilat
251 2535 405 2591 νοεῖς
432 2552 446 2577 ,
483 2522 536 2571 in
558 2521 646 2571 illo
668 2522 964 2636 multiplci)cat
989 2542 998 2572 :
1036 2526 1249 2576 variatur
1268 2524 1331 2575 ad
1351 2537 1583 2635 tempobr?
1601 2557 1613 2573 ‚
1650 2536 1773 2571 nam

935 2600 962 2633 z
1481 2602 1515 2636 o
1573 2600 1707 2635 erva-
