2175 2911
104 316 316 368 Exsurio.

415 105 505 156 1'04
1005 97 1122 152 Circe
1147 97 1447 163 Philofhpbicae.

470 190 673 246 LEUC:
736 187 845 244 Su'o
860 226 873 248 ‚
898 208 1041 249 reor,
1065 195 1115 243 id
1136 209 1346 258 quoque
1367 191 1566 242 calculo
1589 191 1852 243 roborabit
1872 196 1939 246 D.
1958 198 2084 249 Gre-
2162 254 2164 257 ,

348 261 519 323 gorius
534 294 546 310 ‚
567 272 722 321 quem
751 257 866 307 huic
887 258 1111 307 discursui
1139 260 1548 321 thavmaturgum
1575 256 1772 322 praeeffe
1791 258 1984 315 juss'eras
2000 264 2086 311 Pa-

349 337 577 374 tronum.
645 322 798 368 MEL:
866 323 994 371 Non
1019 322 1220 369 falleris:
1258 322 1308 369 ὅῑ
1335 322 1451 380 quia
1472 320 1648 384 sponte
1677 321 1776 377 jam
1802 321 1944 370 filum
1973 339 2088 386 por-

348 391 489 452 rigis,
528 385 721 439 dicam,
766 399 886 447 quas
918 384 998 433 hic
1033 384 1232 448 Sophus
1257 385 1307 431 in
1345 384 1575 446 Peripato
1611 385 1903 445 quondam,
1947 384 1976 434 a
2003 384 2086 433 de-

343 452 528 501 bellata
551 450 723 500 Circe,
743 449 947 496 adoreas
980 448 1158 496 tulerit.
1258 447 1449 494 Pon-tus
1482 446 1698 494 Euxinus
1723 447 1838 495 huic
1861 448 2085 497 Philoso-

345 514 452 580 pho
475 514 630 561 vitam
657 511 809 564 dedit,
828 514 864 561 is
886 513 1052 561 Patriae
1073 508 1404 559 reddiditvitae
1429 508 1656 562 Fructus,
1694 511 1837 558 famae
1856 510 2086 573 splendo-

344 593 480 627 rem:
518 574 688 623 natalis
714 576 839 623 illius
871 577 1064 628 civitas,
1094 574 1276 622 natales
1301 573 1442 620 traxit
1465 570 1492 618 ὲ
1521 571 1748 621 Caesareo
1778 574 2085 622 Stemmate:

344 656 466 689 nam
495 637 565 687 ob
590 636 704 687 fitus
735 640 1082 687 amoenitatem
1112 638 1232 686 Neo
1249 666 1269 673 -
1294 634 1523 685 Caesareae
1552 650 1749 683 nomen
1777 635 2031 698 acquisivit
2059 634 2088 684 a

343 703 551 752 Caesare.
650 703 764 758 Jam
784 703 834 750 in
854 701 1040 750 infante
1063 701 1255 749 Natura
1275 698 1417 747 suum
1448 710 1646 761 partum
1669 695 1949 763 obstupuit,
1971 700 2088 761 quia

343 767 782 827 thavrnaturgum:
820 779 939 812 nam
962 763 1082 813 nihil
1104 766 1153 810 iu
1173 777 1331 827 puero
1360 759 1550 810 vidiffes
1572 763 1759 824 puerile
1783 774 1957 825 praeter
1979 774 2088 810 aeta-

344 842 466 878 tem.
566 828 619 877 A
643 828 820 875 teneris
841 827 972 882 abiis
992 826 1277 878 abhorruit,
1297 839 1406 886 quae
1426 824 1649 887 deperire
1677 824 1801 872 solet
1817 827 2086 881 juventus:

344 892 413 940 nil
443 892 584 953 equi,
606 891 673 937 nil
693 892 984 938 venationes
1000 921 1013 942 ,
1034 890 1101 936 nil
1117 888 1247 942 ludi,
1270 886 1369 936 sive
1388 887 1573 934 delicia:
1593 887 1644 933 in
1667 887 1975 950 Gregorium
2000 903 2091 951 po-

344 966 532 1006 terant,
557 955 672 1015 quia
703 951 997 1015 crepundia:
1035 950 1164 999 adeo
1187 951 1405 998 mollem
1426 951 1653 997 animum
1674 948 1895 998 firmarat
1917 953 2087 999 virtus·

342 1017 444 1066 Sed
460 1048 473 1070 ,
496 1014 640 1077 quod
665 1011 841 1060 nostro
868 1024 1100 1074 tempore
1122 1012 1225 1058 fors
1251 1009 1563 1072 paradoxum
1579 1042 1592 1062 ‚
1612 1014 1890 1060 etiamnum
1923 1012 2092 1063 Ethni-

345 1093 462 1131 cus,
487 1076 683 1127 Nutrici
712 1076 922 1136 geminae
952 1072 1257 1119 consecravit
1286 1072 1585 1126 Juventam,
1614 1075 1858 1130 sapienciae,
1884 1077 1935 1124 ὃς
1964 1075 2090 1128 Casti-

346 1144 448 1187 tati.
549 1136 636 1184 Ab
657 1135 731 1183 his
751 1133 1082 1197 Philosophiae
1103 1131 1242 1181 subin
1266 1130 1556 1180 commiffus
1571 1164 1582 1184 ,
1601 1144 1704 1180 tam
1724 1134 1854 1182 felici
1871 1138 2089 1200 progres-

345 1202 397 1250 su
412 1234 424 1254 ,
450 1211 503 1248 ut
524 1213 632 1263 quae
653 1198 751 1255 aliis
765 1192 999 1260 Magistra
1028 1197 1204 1244 erroris
1219 1227 1232 1247 ,
1253 1195 1370 1243 huic
1388 1191 1675 1244 Christianae
1702 1199 1913 1246 extiterit
1925 1201 2092 1251 Mater

345 1263 638 1329 Religionis,
737 1260 865 1311 ill-ud
888 1260 1100 1323 legimus
1117 1259 1179 1306 de
1198 1258 1286 1307 illo
1303 1259 1545 1322 elogium,
1561 1256 1705 1321 quod
1725 1274 1899 1324 praeter
1922 1278 2090 1313 macu.

343 1324 459 1376 lamv
479 1324 817 1389 Originalem,
842 1324 911 1371 nil
940 1322 1093 1372 sordis
1114 1322 1330 1369 attulerit
1360 1322 1423 1368 ad
1444 1322 1761 1384 baptismum.
1859 1325 2000 1393 Quid
2018 1343 2092 1377 er-

343 1387 416 1455 go
439 1389 652 1440 mirum,
677 1384 821 1449 quod
840 1384 866 1434 a
892 1385 1114 1434 sordibus
1135 1384 1286 1437 lotus,
1309 1387 1358 1434 ὃς
1384 1400 1470 1447 per
1499 1385 1737 1448 baptisma
1772 1387 1929 1452 magis
1961 1391 2092 1440 lava-

345 1464 423 1500 tus
439 1484 451 1505 ,
472 1452 622 1501 etiam
646 1450 768 1498 alios
794 1449 958 1497 lavare
988 1448 1200 1513 coeperit
1218 1444 1554 1496 Christianus?
1606 1449 1921 1500 Alexandriae
1946 1453 2092 1518 AEgy.

381 1516 417 1562 ti
435 1511 784 1584 frequentabat
811 1512 1125 1575 Peripatum,
1160 1510 1385 1573 placebat
1403 1510 1749 1575 Philosophia,
1769 1514 1852 1563 sed
1877 1514 2092 1581 displice-

345 1529 433 1628 ξεῖ
453 1575 878 1639 Philosophorum
907 1577 1031 1623 vita:
1084 1574 1285 1625 videbat
1304 1575 1561 1637 geminam
1585 1574 1722 1624 suam
1753 1577 1912 1642 sperni
1941 1581 2094 1629 nutri-

347 1655 461 1692 cem
478 1640 809 1703 Sapientiam,
836 1640 887 1688 &
904 1635 1219 1687 Castitatem:
1257 1636 1482 1690 videbat,
1500 1640 1554 1687 ὃς
1576 1637 1798 1693 dolebat,
1821 1638 1850 1689 ὲ
1873 1641 2095 1693 Philoso-

348 1704 484 1770 phis‚
507 1704 558 1751 in
579 1703 710 1773 turpi
737 1704 849 1750 otio
873 1737 884 1752 ,
918 1716 1026 1750 non
1051 1701 1326 1754 celebrari,
1351 1698 1438 1748 nisi
1466 1701 1709 1750 continua
1740 1701 2016 1759 Sabbatha,
2039 1708 2094 1757 ὃς
2174 1700 2175 1703 ’

349 1768 451 1816 dies
477 1764 702 1814 Veneris.
813 1764 1039 1814 Refutari
1066 1762 1229 1814 statuit
1255 1763 1350 1812 hos
1383 1778 1573 1813 errores
1605 1764 1693 1812 suo
1721 1765 1981 1829 exemplo:
2025 1767 2092 1818 fic

349 1827 560 1881 studuit,
586 1838 641 1876 ut
669 1825 809 1876 citius
834 1827 956 1885 Jovi
979 1828 1173 1877 fulmen
1196 1859 1210 1880 ,
1243 1826 1447 1876 Herculi
1476 1827 1673 1876 clavam
1698 1858 1711 1880 ‚
1744 1828 1824 1876 vel
1850 1829 2092 1882 Homero

347 1892 545 1941 versum
574 1889 904 1944 subtraheres,
923 1890 1080 1952 quam
1100 1890 1217 1939 huic
1234 1890 1436 1943 librum,
1455 1889 1708 1938 severioris
1724 1891 1966 1940 Minervae
1985 1893 2092 1958 spo-

349 1958 502 2004 lium:
541 1953 605 2003 fic
627 1950 836 2006 studuit,
857 1969 913 2002 ac
931 1954 966 2002 si
987 1952 1204 2002 studeret
1231 1967 1324 2017 pro
1342 1953 1607 2001 omnibus:
1649 1955 1840 2003 namin
1861 1953 1964 2003 hoc
1987 1971 2095 2006 uno
2168 1954 2170 1980 ³

352 2018 619 2082 colligebat
637 2012 871 2066 indust-ria
887 2049 900 2070 ,
921 2017 1067 2080 quod
1090 2032 1175 2080 per
1197 2018 1363 2087 otium
1381 2015 1619 2079 perdebat
1639 2019 1691 2065 in
1709 2019 1907 2066 caeteris.
1993 2019 2095 2068 Sed
2164 2015 2175 2074 ji

355 2084 406 2130 &
436 2077 597 2129 studio
630 2081 783 2135 junxit
819 2081 1081 2129 virtutem:
1127 2076 1263 2126 tanta
1293 2090 1403 2127 vitae
1441 2079 1662 2143 praeluxit
1693 2080 1970 2142 integritate
1991 2112 2008 2135 ,
2038 2095 2094 2130 ut
2164 2080 2166 2096 '

354 2142 678 2193 Alexandrini
698 2141 987 2207 Philosophi
1005 2145 1055 2192 in
1078 2142 1168 2190 illo
1194 2141 1274 2189 sua
1292 2154 1555 2190 cernerent
1573 2143 1691 2192 vitia
1705 2175 1718 2195 ‚
1737 2139 1802 2192 eo
1826 2141 1968 2205 quod
1988 2157 2091 2192 cer·
2162 2139 2165 2194 ἶ

354 2218 528 2254 nerent
557 2208 607 2252 in
634 2205 722 2252 illo
745 2205 959 2254 nullum.
1069 2203 1168 2254 Sed
1193 2202 1312 2252 cum
1337 2202 1461 2252 nihil
1490 2203 1758 2270 proficeret
1785 2207 1895 2253 vitae
1924 2219 2089 2254 exem·

351 2269 440 2334 plo
454 2300 468 2321 ‚
492 2263 652 2315 statuit
681 2283 787 2315 rem
807 2268 1007 2332 aggredi
1029 2268 1186 2317 verbo
1200 2299 1213 2320 ,
1234 2279 1289 2317 ut
1308 2265 1422 2315 esset
1448 2281 1627 2330 potens
1642 2301 1654 2322 ,
1675 2268 1833 2317 verbo
1857 2266 2018 2322 fimul,
2037 2272 2090 2320 <Sc
2160 2274 2175 2330 [κ.

355 2343 525 2394 opere.
623 2331 820 2378 Acriter
845 2333 925 2379 ille
939 2364 951 2384 ,
971 2346 1066 2379 nec
1084 2330 1186 2379 sine
1207 2330 1377 2378 lixivio
1391 2362 1404 2383 ,
1420 2330 1541 2394 saepe
1559 2331 1755 2379 lavabat
1779 2329 1974 2378 sordida
1994 2332 2086 2380 So·
2158 2332 2173 2365 ÷‚

355 2394 578 2458 phorum
597 2392 876 2454 colloquia,
904 2389 1174 2456 moresque
1192 2393 1459 2455 colloquiis
1492 2393 1801 2443 sordidiores.
1900 2393 2091 2442 Habuit
2157 2397 2159 2415 *

361 2471 436 2505 res
462 2451 545 2504 ista
565 2449 695 2502 male
723 2453 817 2522 hqs
850 2457 1010 2506 malos
1033 2455 1393 2520 Philosophos:
1430 2456 1602 2505 habuit
1630 2452 1764 2517 pejus
1787 2486 1801 2507 ‚
1831 2454 2089 2505 malorum
2156 2484 2157 2490 =

362 2516 672 2574 Authorem,
682 2516 945 2583 pessimum
958 2519 1266 2573 daemonem·
1307 2518 1492 2573 fabam
1504 2517 1639 2572 cudit
1648 2514 1816 2582 Stygia
1827 2514 1998 2581 Magia
2020 2519 2090 2570 di·

1854 2594 2026 2644 gnam,
2154 2593 2155 2598 ’
