2175 2911
344 147 373 177 2
381 146 399 190 3
411 133 437 175 6
824 123 1227 185 Teclmophylacium
1257 120 1490 182 Phjficum.

279 230 507 275 invento.
577 221 767 272 Exinde
782 221 917 269 enim
932 215 1223 283 Astrologia
1239 218 1447 268 desumit
1462 215 1730 282 peculiares
1748 211 2030 267 coelestium

278 302 559 353 corporum
573 284 784 333 influxus
798 317 810 337 ,
837 283 1155 347 Geographia
1177 283 1437 330 climatum
1458 283 1724 335 Naturam,
1743 281 1930 344 Optica
1946 283 2028 329 ae-

276 355 340 401 ris
363 350 708 401 refrastioncs,
727 347 983 397 Medicina
1004 347 1288 408 liquorum,
1312 348 1359 395 <Sc
1385 345 1555 392 salium
1579 344 1951 392 comixtionem
1969 342 2032 391 ad

278 415 509 464 debitum
533 412 755 476 frigoris,
778 426 834 458 ac
870 410 1046 458 caloris
1079 419 1564 471 temperamentum,
1614 406 1824 468 Chimia¹
1852 403 2035 455 statum

275 477 511 539 cuiusque
539 480 608 523 rei
635 473 910 536 eliquandae
937 474 1237 525 terminum,
1284 473 1334 521 ὃ(
1359 469 1562 534 Pliyfica
1596 470 1813 531 denique
1844 470 2035 533 colligit

277 542 484 593 caloris,
509 542 558 589 <Sc
584 538 780 602 frigoris
805 539 1113 585 incrementa
1129 568 1140 587 ,
1164 537 1214 583 &
1240 533 1575 582 decrementa.
1677 534 1817 581 Nam
1842 531 1874 580 fi
1896 547 2033 597 aper-

281 616 393 654 tum
415 601 641 653 inferiori
673 616 730 649 ex
759 612 896 665 parte
914 598 1469 661 sitThcrmoscopium,
1495 595 1742 644 crescente
1763 595 1930 644 calore
1951 595 2035 644 de-

274 668 459 716 crescet
480 666 673 727 liquor,
702 675 877 729 utpote
899 663 984 725 qui
1014 674 1187 726 aperto
1211 657 1398 709 ostiolo
1421 656 1566 708 facile
1595 671 1716 707 tunc
1740 658 1884 706 cedet
1913 660 2034 712 aeri,

278 747 365 796 per
393 730 618 778 calorem
651 727 696 776 se
720 726 1020 775 extendenti.
1123 723 1345 776 Contra,
1372 723 1404 772 si
1439 723 1709 798 utrobique
1734 721 1952 770 clausum
1978 720 2034 770 sit

277 792 530 844 orificium
548 825 560 845 ,
578 791 905 840 invalescente
926 789 1092 837 calore
1119 786 1347 837 ascendet
1378 787 1572 848 liquor,
1591 801 1744 848 seque
1769 784 2036 833 extenden-

276 857 349 906 do
368 856 554 905 sursum
576 853 839 919 protrudet
869 855 1062 903 aerem,
1087 853 1202 907 Quia
1224 850 1406 899 viribus
1425 850 1744 898 debiliorem.
1815 846 1978 913 Qod
1997 846 2032 896 si

276 935 455 969 manus
476 918 711 981 superiori
733 932 789 963 ex
818 928 954 980 parte
984 915 1238 962 calefaciat
1260 915 1462 966 vitrum,
1482 912 1726 960 raresaeto
1761 913 1861 960 a‘eri
1889 911 2035 958 cedet

275 983 446 1044 liquor
462 1014 473 1034 ‚
505 981 570 1028 eo
600 978 788 1026 facilius
812 1011 825 1030 ,
854 993 960 1036 quo
994 979 1167 1023 nativo
1200 976 1388 1036 frigore
1411 972 1568 1035 magis
1590 972 1658 1021 est
1682 974 2028 1021 condensatus.

278 1045 378 1095 Ubi
411 1043 575 1091 vides,
609 1041 962 1100 experientiam
988 1035 1128 1082 adeo
1163 1035 1470 1097 paradoxam
1502 1035 1699 1082 refundi
1731 1037 1782 1082 in
1815 1050 2033 1098 corpora

271 1121 414 1155 nunc
435 1118 520 1168 per
542 1099 926 1149 rarefaCtionem
944 1096 1292 1146 extensamunc
1313 1110 1397 1158 per
1422 1096 1871 1144 condensationem
1891 1112 2032 1145 com-

274 1165 440 1232 pressa.
511 1162 674 1229 Qod
697 1161 731 1210 fi
763 1159 964 1208 ulterius
987 1159 1013 1207 a
1035 1157 1473 1221 PhyficaeCultore
1497 1172 1753 1223 petas,qua
1768 1162 1962 1209 ratione
1981 1160 2033 1209 id

272 1231 432 1296 ipsum
446 1223 930 1292 contingat,haerebit
948 1222 1354 1286 paululumnnox
1367 1222 1634 1272 contra-stis
1646 1222 1866 1271 humeris
1885 1239 2033 1286 repo-

269 1307 375 1346 net3
397 1291 611 1354 sunt,qui
633 1305 771 1353 aquae
787 1302 871 1352 per
896 1287 1120 1335 calorem
1141 1285 1414 1337 elevatae,&
1430 1286 1500 1334 ob
1527 1286 1678 1350 frigus
1701 1284 1873 1336 denuo
1887 1287 2030 1337 subsi-

273 1357 435 1406 dentis
463 1354 593 1403 hanc
614 1352 810 1402 causam
832 1351 1071 1413 allegant,
1095 1345 1239 1411 quod
1258 1363 1443 1412 nempe
1470 1349 1639 1411 liquor
1667 1350 1730 1398 ab
1748 1362 1926 1414 agente
1954 1368 2033 1400 ex-

270 1419 484 1469 trinseco
508 1416 772 1466 calefactus
799 1416 975 1479 apertis
999 1413 1243 1460 meatibus
1267 1414 1522 1460 tenuiores
1553 1412 1756 1467 halitus,
1780 1417 1829 1464 &
1851 1415 2030 1464 intrusa

270 1481 564 1546 corpuscula
584 1496 670 1545 per
690 1481 801 1529 vitri
818 1491 972 1541 poros
990 1478 1209 1538 recipiat,
1225 1478 1271 1524 ὃς
1297 1475 1483 1538 frigore
1503 1474 1794 1525 constriCtus
1820 1478 2029 1526 cosdem

274 1544 449 1595 denuo
471 1544 691 1608 repellat.
759 1542 910 1593 Sunt,
931 1542 1016 1602 qui
1040 1541 1103 1588 ad
1124 1539 1434 1586 ubicationes
1452 1540 1683 1596 majores,
1704 1541 1782 1589 vel
1807 1544 2029 1591 minores

272 1609 580 1672 confugiunt
602 1640 616 1660 ,
652 1605 832 1668 quibus
868 1605 1050 1652 volunt
1077 1617 1293 1666 corpora
1326 1602 1592 1656 rarescere,
1617 1603 1696 1652 vel
1734 1604 2029 1654 condensari

270 1687 383 1721 non
409 1687 494 1735 per
512 1671 641 1718 intus
665 1669 894 1732 suscepta,
911 1666 990 1716 vel
1006 1666 1156 1723 cicera
1179 1665 1487 1729 corpuscula,
1504 1665 1585 1714 sed
1603 1682 1689 1731 per
1710 1668 1905 1717 casdem
1924 1684 2030 1718 ma-

267 1736 402 1783 teriae
422 1745 598 1798 partes,
611 1732 682 1781 ob
700 1732 965 1780 alteratum
981 1741 1468 1794 temperamentum,
1491 1729 1590 1785 iam
1613 1728 1770 1794 magis
1792 1731 2026 1787 extensas,

270 1797 373 1856 iam
395 1793 553 1861 magis
576 1794 869 1843 contradias.
939 1794 1217 1855 Utramque
1240 1793 1548 1841 Sententiam
1569 1795 1780 1843 veritatis
1797 1795 2027 1858 quodam

269 1860 537 1926 splendore
558 1856 815 1911 illustrant,
834 1860 902 1905 ita
924 1869 1111 1910 tamen,
1133 1868 1186 1905 ut
1203 1856 1294 1904 suae
1320 1871 1429 1904 non
1450 1855 1607 1904 desint
1622 1858 1838 1906 tenebrae
1859 1858 1931 1907 his
1955 1859 2028 1907 lu-

271 1923 396 1972 cidis
423 1922 704 1971 intervallis.
807 1922 872 1970 Hi
900 1921 1144 1969 luctantur
1165 1935 1284 1968 eum
1314 1919 1508 1983 punffis
1525 1919 1729 1976 inflatis,
1749 1922 1829 1973 vel
1852 1922 2024 1971 saltem

271 1985 664 2040 indivisibili'ous,
685 1999 794 2048 quae
818 1987 870 2032 in
893 1986 1019 2032 Ente
1040 1983 1281 2031 materiali
1301 1985 1550 2046 exigerent
1577 1984 1797 2034 modum
1822 1981 2027 2034 existen-

274 2049 325 2098 di
349 2048 662 2098 definitivum
678 2081 691 2102 ‚
716 2048 772 2096 ut
793 2047 944 2096 habet
965 2046 1145 2113 phrasis
1177 2043 1489 2096 scholastica:
1525 2063 1619 2096 nec
1650 2063 1758 2096 non
1780 2065 1898 2099 cum
1921 2064 2024 2098 ma-

271 2115 393 2161 teria
409 2145 421 2164 ,
442 2126 550 2175 quae
576 2109 737 2161 modo
765 2112 972 2176 spatium
997 2122 1269 2174 occuparet
1295 2110 1451 2167 majus
1482 2112 1600 2159 citra
1624 2113 2023 2177 replicationem,

271 2175 442 2227 modo
466 2177 772 2224 minus-citra
793 2176 1339 2237 compenetrationcm.
1437 2175 1534 2222 Illis
1555 2173 1718 2224 obstat
1743 2176 2022 2225 multitudo

269 2253 522 2303 potorum
545 2239 594 2284 in
615 2240 746 2286 vitro
760 2271 775 2292 ,
793 2239 1055 2301 aditusque
1078 2254 1186 2286 non
1207 2239 1273 2285 ita
1291 2237 1441 2285 facilis
1465 2253 1550 2302 per
1570 2251 1826 2289 tormenta
1850 2239 2019 2288 metal-

271 2305 393 2354 licas
440 2303 587 2364 copia
607 2303 728 2363 ignis
751 2304 801 2349 in
823 2303 1027 2365 pulvere
1055 2304 1222 2365 pyrio,
1245 2301 1323 2350 vel
1351 2301 1521 2349 saltem
1551 2302 1771 2351 defestus
1802 2304 2016 2351 materiae

269 2377 419 2415 tantae
438 2363 809 2424 heterogcneae:
846 2361 956 2412 imo
986 2363 1149 2413 obstat
1169 2364 1266 2427 ipsa
1282 2380 1399 2413 aura
1428 2364 1666 2421 aetherea,
1687 2381 1795 2428 quae
1823 2366 2015 2417 videtur

268 2426 489 2479 subtilius
509 2426 738 2479 connita,
759 2424 913 2488 quam
940 2427 1149 2491 probata
1172 2427 1389 2478 solidius,
1458 2428 1722 2498 Qidquid
1740 2429 1813 2484 sit,
1831 2442 1914 2477 me
1936 2442 2016 2476 va-

256 2493 391 2542 -dem
415 2506 523 2540 non
546 2491 843 2553 interpono:
880 2486 1012 2540 forte
1027 2490 1294 2545 duosinter
1317 2491 1558 2556 litigantes
1580 2493 1815 2558 gaudebis
1829 2492 2014 2546 tertius,

268 2556 306 2608 fi
327 2555 458 2607 dicas
471 2588 488 2614 7
511 2552 894 2606 rarefacnonem
916 2569 1026 2605 non
1045 2554 1160 2609 raro
1183 2555 1290 2609 fieri
1308 2567 1526 2620 utroque
1557 2555 1750 2612 modo,
1771 2568 1876 2620 quo
1896 2553 2015 2603 scili-

1635 2626 1638 2629 “
1868 2629 1949 2667 cet
