2175 2911
62 546 279 606 ApudPe-

61 624 225 656 renum

63 671 93 717 l.
114 686 152 716 1.
183 674 233 718 de

60 736 215 793 „Magia

63 813 99 844 c.
122 810 196 856 ῑῖη

374 100 438 148 70
965 78 1144 146 virgata
1162 82 1416 133 Phar-aonia·

309 168 523 226 minime
543 169 680 227 fieta,
708 169 791 221 sed
812 169 1057 222 verissima
1081 173 1219 224 fuiffe
1247 174 1488 237 intelliges
1509 168 1716 221 Naturae
1739 171 1965 222 monstra
1981 207 1994 228 ‚
2017 175 2070 225 in

308 253 466 302 quam
475 238 769 287 sententiam
784 268 798 290 2
812 236 969 286 veluti
988 237 1249 301 Scripturae
1264 237 1494 285 Oraculis
1520 234 1947 290 conformiorem,
1963 252 2070 286 non

309 303 452 354 inviti
473 300 820 351 concedimus·
899 300 988 348 An
1010 303 1135 349 vero
1165 300 1359 348 sublatis
1380 299 1517 347 furto
1541 295 1768 346 invifibili
1798 299 1959 362 virgis,
1985 300 2077 348 ser-

307 378 482 430 pentes
512 360 768 413 celerrime
799 361 900 413 huc
922 363 1095 411 allatos
1128 360 1422 411 substituerit
1451 361 1654 408 daemon
1677 393 1690 413 ‚
1722 376 1785 408 an
1817 364 2074 424 agentium

307 429 519 477 naturali
538 431 745 480 virtute⁹
771 427 915 475 nobis
943 429 1227 490 incognita,
1255 424 1337 472 sed
1364 424 1426 472 ad
1459 423 1595 471 hunc
1623 422 1778 471 finem
1813 423 2076 475 efficacissi-

309 489 423 546 ma,
446 489 473 541 ὲ
504 494 648 556 virgis
673 491 964 555 produxerit
996 489 1180 554 aspides
1197 522 1209 541 ‚
1232 504 1340 536 non
1371 489 1613 537 convenit
1640 489 1771 535 inter
1791 487 2072 537 Authores.

312 557 432 606 Hoc
457 556 714 619 Angelico
732 587 744 607 ‚
770 553 892 602 illud
914 555 1176 617 praeplacet
1199 553 1430 615 Lyrano:
1468 565 1564 598 nos
1588 549 1823 613 Angelici
1843 566 2074 600 mentem

308 631 424 669 toto
448 621 608 683 capite
631 633 930 667 veneramur
945 650 957 669 ‚
979 617 1163 679 Lyrani
1180 616 1489 663 Sententiam
1505 646 1516 667 ‚
1543 612 1871 677 Philosophiae
1895 617 2072 679 princi-

305 683 392 748 pijs
414 680 572 747 magis
591 681 885 733 consonam,
901 680 1167 743 sequimur.
1215 678 1342 727 Illud
1366 676 1435 726 est
1458 680 1509 724 in
1528 675 1773 730 confesso⁷
1788 678 2069 741 Magorum

306 743 555 799 monstra,
592 758 702 794 utut
751 742 777 792 ὲ
810 745 979 806 virgis,
1028 758 1135 790 non
1169 755 1340 789 tamen
1365 738 1659 790 immediatfi
1675 743 1882 794 virtute,
1904 757 1997 789 nec
2018 743 2073 789 in

304 807 501 860 instanti
533 825 618 872 per
658 808 916 857 daemones
952 805 1196 870 produsta
1215 823 1229 857 5
1272 808 1404 855 unde
1449 805 1517 852 illi
1551 803 1886 852 solummodo
1917 809 2072 860 mira,

303 873 506 936 Moyses
523 869 646 920 vero
670 873 883 923 patravit
907 869 1169 918 Miracula,

432 935 629 985 LEUC:
671 927 683 935 ’
701 931 768 984 Ut
788 933 938 982 video
964 965 976 985 ,
1014 928 1219 979 ostentis
1243 926 1383 992 atque
1409 931 1535 979 veris
1561 929 1788 993 decipere
1819 962 1832 983 ‚
1866 946 1924 977 ac
1946 929 2074 979 falsis

305 998 512 1049 illudere
533 993 695 1060 potest
716 994 1039 1057 Sycophanta
1052 991 1232 1054 stygius
1256 1011 1264 1037 z
1302 996 1352 1038 in
1375 994 1605 1053 Peripato
1621 994 1802 1039 Hercle
1825 1009 1932 1041 non
1955 995 2074 1042 civis

306 1059 476 1110 modo
503 1093 516 1111 ,
554 1059 633 1105 sed
658 1061 707 1105 ὅ(
730 1058 957 1104 Patritius
979 1053 1038 1101 fit
1059 1065 1265 1115 oportet
1287 1084 1298 1104 ‚
1337 1056 1422 1112 qui
1451 1055 1649 1115 detegat
1674 1054 1920 1102 sexcentas
1945 1057 2075 1105 frau-

308 1124 394 1171 des
410 1156 421 1173 ‚
446 1118 751 1179 effectusque
775 1131 923 1163 veros
948 1115 1188 1162 discernat
1212 1113 1238 1161 ὲ
1258 1114 1439 1177 spuriis·
1522 1117 1678 1160 MEL:
1749 1117 1823 1164 Ita
1845 1114 1935 1164 est:
1960 1118 2078 1167 ems:

305 1185 442 1234 floris
469 1184 712 1230 Minervae
761 1177 1098 1241 Philosophos
1161 1193 1270 1224 non
1322 1173 1462 1225 facile
1511 1177 1737 1225 advertet
1774 1178 1840 1227 sat
1896 1181 2076 1233 subtilis

303 1248 426 1310 saepe
448 1243 714 1294 diverfitaS.
782 1243 985 1306 Quippe
1005 1255 1113 1288 non
1131 1238 1247 1288 raro
1267 1239 1331 1288 iic
1352 1256 1468 1288 vera
1479 1239 1606 1288 falsis
1620 1243 1915 1291 commiscet
1929 1247 1980 1294 N
1988 1261 2074 1294 un-

303 1310 504 1358 dinator
527 1308 722 1371 Stygius
738 1339 750 1359 ,
773 1318 827 1353 ut
845 1306 1020 1353 mixtas
1046 1318 1239 1352 merces
1254 1337 1266 1358 ,
1289 1306 1439 1351 etiam
1461 1305 1617 1353 oculo
1632 1304 1981 1371 Philosophice
2005 1325 2078 1357 ar-

302 1385 446 1423 mato
460 1405 473 1425 ‚
487 1373 565 1420 vix
581 1368 939 1433 deprehendas,
1008 1367 1088 1414 Sic
1102 1369 1152 1414 in
1166 1368 1436 1416 Pharaonis
1449 1369 1498 1415 A
1507 1369 1585 1416 ula
1599 1384 1684 1431 per
1695 1367 1951 1434 praestigias
1970 1372 2077 1421 sub-

304 1436 443 1487 duxit
465 1431 631 1498 primo
653 1435 933 1496 Magorum
952 1431 1136 1493 virgas,
1171 1446 1293 1478 mox
1315 1432 1472 1478 oculis
1502 1432 1690 1488 objecit
1716 1448 1863 1482 veros
1879 1467 1890 1488 ,
1912 1431 1939 1483 ὲ
1963 1436 2070 1484 Nili

301 1498 517 1548 sentibus
537 1508 732 1559 raptos,
759 1496 1020 1558 serpentes,
1091 1495 1173 1542 *Sic
1198 1509 1375 1543 verum
1396 1496 1638 1543 Samuelis
1661 1496 1899 1560 Spiritum
1928 1513 2073 1563 appa-

303 1559 445 1611 ruisse
468 1560 601 1607 Sauli
623 1592 635 1611 ,
674 1559 820 1606 DEO
848 1556 912 1605 fic
937 1557 1143 1604 volente
1166 1590 1177 1610 ‚
1209 1560 1374 1605 verior
1399 1570 1533 1605 tenet
1564 1559 1829 1614 sententia,
1851 1573 1961 1610 utut
1981 1565 2072 1625 Py-
2146 1573 2169 1601 '·

304 1622 528 1673 thonisslae
544 1618 784 1686 praestigijs
809 1620 865 1669 fit
899 1620 1296 1671 adscribendum,
1319 1621 1463 1682 quod
1486 1622 1530 1667 se
1541 1618 1701 1669 sistere
1721 1624 1884 1671 viiaiit
1905 1626 1966 1673 ad
1979 1642 2068 1675 nu-

303 1698 415 1738 tum
441 1685 558 1754 lagae
589 1702 602 1736 3
639 1684 783 1746 quod
808 1699 1027 1748 corpore
1050 1685 1266 1737 velatus,
1309 1684 1510 1731 indutus
1538 1684 1718 1747 pallio,
1755 1701 1864 1748 quae
1892 1691 2069 1737 omnia

303 1765 414 1801 non
433 1750 518 1798 nili
548 1744 851 1811 phantastica
875 1744 1014 1795 fuere
1038 1748 1314 1796 oculorum
1344 1747 1570 1795 ludibria.
1673 1749 1734 1796 Et
1755 1747 1859 1797 haec
1889 1746 1957 1798 est
1985 1751 2067 1800 illa

306 1810 484 1862 classis,
511 1827 619 1871 quae
633 1813 843 1863 mixtos,
868 1810 922 1859 [it
948 1811 1109 1867 ajunt,
1147 1809 1347 1858 effeetus
1375 1813 1626 1859 continet:
1664 1826 1812 1860 veros
1831 1812 1911 1868 iila
1927 1828 2071 1861 com-

305 1876 559 1940 plectitur,
583 1889 692 1936 quae
718 1887 827 1922 utut
850 1876 1001 1928 mira,
1027 1874 1272 1923 daemonis
1297 1887 1467 1922 tamen
1490 1874 1673 1923 viribus
1692 1871 1904 1924 minime
1920 1878 2071 1927 refert

305 1939 577 2001 superiora:
615 1939 802 1985 horum
822 1933 969 1990 testis,
985 1938 1050 1985 iat
1073 1940 1243 2000 utique
1265 1950 1504 2002 expertus,
1522 1935 1590 1985 est
1610 1939 1715 1990 ille,
1754 1939 1814 1985 de
1834 1953 1940 2001 quo
1963 1938 2068 1989 &sa-

305 2006 397 2051 cris
420 2003 605 2064 paginis
627 2014 811 2049 notum
834 2034 846 2053 ,
884 1999 1027 2064 quod
1051 2002 1156 2067 plus
1177 2005 1397 2069 potuerit
1426 2002 1552 2049 ferre
1588 1999 1774 2057 invicia¹
1804 2001 2065 2066 patientia,

306 2062 463 2127 quam
486 2076 621 2113 totus
644 2066 767 2113 Orci
789 2064 930 2112 furor
949 2064 1130 2113 inferre
1153 2063 1236 2115 iu&
1257 2063 1512 2129 potentia:
1536 2067 1615 2113 vix
1627 2067 1762 2113 enim
1782 2067 1919 2130 Stygi
1940 2067 2064 2115 laxa-

305 2140 366 2175 tae
389 2125 624 2189 aSuperis
645 2126 849 2175 habena:
879 2161 892 2182 ,
930 2130 979 2177 5<
1002 2143 1118 2176 ecce
1143 2131 1152 2176 !
1209 2144 1334 2178 mox
1364 2129 1425 2177 de
1457 2130 1614 2177 Coelo
1640 2131 1887 2192 ignivomi
1909 2129 2062 2180 fluere

307 2201 580 2241 torrentes,
613 2192 661 2237 δε
687 2190 783 2237 una
804 2207 923 2239 cum
958 2188 1234 2255 pastoribus
1255 2206 1480 2241 armenta
1499 2195 1548 2240 in
1577 2192 1798 2241 favillam
1811 2193 2059 2254 redigere:

306 2269 431 2302 mox
451 2263 598 2316 rupto
620 2251 751 2322 AEOJi
771 2266 915 2303 antro
936 2287 948 2307 ,
969 2254 1068 2317 quii
1093 2255 1205 2305 data
1230 2269 1373 2320 porta
1388 2289 1400 2310 ,
1422 2258 1558 2306 venti
1585 2271 1753 2310 ruere,
1791 2259 1839 2304 ὃς
1861 2255 2060 2306 terribili

307 2316 502 2365 turbine
525 2347 537 2368 ‚
575 2316 749 2362 eversis
770 2317 928 2377 palatii
950 2319 1138 2381 angulis
1153 2352 1165 2372 ,
1201 2332 1458 2382 paternam
1481 2320 1696 2384 Stirpem
1718 2318 1900 2367 eodem
1916 2350 1928 2370 ‚
1950 2333 2056 2380 quo

305 2381 461 2428 crevit
482 2411 496 2431 ,
530 2377 731 2426 tumulo
754 2380 974 2441 sepelire:
1011 2381 1170 2445 ipsum
1191 2384 1407 2446 denique
1428 2383 1623 2441 Jobum
1637 2414 1649 2435 ‚
1669 2378 1875 2445 peffimo
1891 2381 2055 2432 ulcere

306 2441 372 2493 fic
391 2441 550 2494 ferire,
569 2453 623 2490 ut
641 2442 830 2491 viveret
852 2445 1123 2493 moriendo
1137 2480 1151 2498 ,
1189 2448 1238 2496 ὅς
1259 2447 1482 2495 vivendo
1512 2448 1563 2494 in
1583 2454 1845 2492 momenta
1869 2441 2055 2507 lingula

305 2516 602 2558 moreretur.
702 2504 822 2556 Haee
854 2503 1095 2560 daemonis
1133 2509 1341 2561 vulnera
1361 2543 1376 2566 ,
1428 2509 1464 2562 fi
1495 2508 1640 2558 armis
1671 2502 1882 2556 minime
1900 2506 2052 2565 fietis,

1893 2587 1987 2622 nec
