2242 2911
710 141 868 202 Sphinx
903 141 1146 205 Clariffima.
1680 164 1703 210 3
1716 163 1739 210 f

39 239 286 292 infinitus:
321 235 551 289 continet
576 233 681 284 fine
706 234 980 307 indigentia
1001 269 1016 290 ‚
1052 240 1170 300 quia
1199 234 1270 286 est
1302 251 1485 293 naturae
1507 242 1769 309 plenitudo
1789 279 1803 303 ,

39 304 192 355 habet
211 304 312 353 fine
333 300 702 367 permixtione,
737 312 856 360 quia
886 294 955 346 est
989 299 1124 348 aetus
1165 300 1477 365 purissimus:
1514 310 1806 373 complesti-

40 383 121 418 tur
139 368 238 416 fine
257 363 526 416 divifione,
540 363 656 425 quia
681 356 752 409 est
778 361 965 426 spiritus
986 361 1379 428 fimpliciffimus.
1418 370 1609 420 Omnia
1628 375 1803 424 DEUS

44 429 137 484 est,
171 427 308 483 imo,
337 426 459 476 nihil
479 426 656 478 DEUS
684 421 754 472 est
788 439 960 472 retum
984 442 994 472 ε
1023 441 1245 490 congere
1277 429 1521 492 quidquid
1545 436 1807 497 perfefflo-

42 497 115 543 nis
131 489 206 542 *est
220 495 272 539 in
295 490 442 539 rebus
462 489 747 553 corporeis;
789 486 929 536 sume
945 490 999 536 in
1019 505 1196 541 unum,
1224 492 1470 554 quidquid
1489 497 1810 559 pulchritudi-

38 560 114 606 nis
134 558 186 604 in
221 551 460 619 spiritibus
482 553 738 617 reperitur,
766 550 985 600 mendax
1005 551 1125 607 sim,
1149 552 1240 603 nifi
1280 554 1411 604 dicas
1431 571 1550 606 cum
1569 561 1808 627 &Augu-

41 616 170 668 stino
193 633 313 677 omne
345 617 422 666 hoc
466 616 659 663 ulchrum
682 613 738 668 est
762 646 775 668 ,
802 614 877 671 ῥά
900 630 980 660 non
994 613 1105 673 sicut
1123 629 1172 663 tu
1190 619 1360 664 DEUS
1372 634 1501 667 meus.
1552 624 1730 689 Perge,
1756 629 1808 676 δε

39 695 193 744 quam
213 627 487 746 c'oneepifli
508 679 696 732 ideam,
719 677 897 725 millies
921 679 973 728 ὃς
1001 679 1178 728 neillies
1201 681 1491 745 multiplica,
1514 686 1804 751 iterumque

39 745 216 794 millies
231 777 242 796 ,
265 759 322 792 ac
344 743 522 792 millies
546 741 702 792 dices,
728 739 833 789 haec
850 756 959 789 non
981 739 1048 789 est
1069 743 1208 792 Deus
1223 776 1235 797 ,
1260 744 1341 792 sed
1372 746 1558 809 aliquid
1578 749 1811 798 infinities

37 807 290 873 pulchrius
308 840 320 861 ,
349 805 582 855 infinities
612 805 800 853 beatius
816 837 828 858 ,
850 803 1092 854 infinitiesff
1115 807 1375 856 amabilius
1399 842 1412 861 ‚
1427 809 1528 858 hoc
1549 809 1616 860 est
1638 813 1806 862 Philo-

39 873 92 921 so
131 870 201 919 ho
216 872 373 919 Deus:
394 872 448 919 ὃς
467 867 604 918 hunc
626 867 877 917 irhensum
895 869 1137 918 Bonitatis
1151 872 1423 920 Oceanum
1436 873 1807 939 derelinquunt,

40 888 248 984 regenes
266 933 446 981 lumini
465 965 478 988 ,
519 926 646 994 fibiq
678 929 884 980 fodiunt
914 931 1168 989 cisternas,
1199 936 1253 983 in
1281 938 1515 985 creaturis
1543 937 1812 1004 dissipatas,

41 1013 150 1061 quae
172 998 436 1045 continere
460 1011 573 1045 non
600 995 770 1046 valent
789 1009 940 1058 aquas
961 1013 973 1044 t
996 996 1152 1060 quam
1175 996 1377 1048 infinitae
1403 999 1493 1048 suo
1520 1002 1687 1050 modo
1712 1018 1818 1051 ma·

42 1061 153 1110 litiae
185 1055 254 1108 cst
271 1058 354 1108 hic
377 1061 724 1124 contemptus!
747 1060 939 1113 semei,
954 1062 1086 1109 canis
1108 1074 1363 1113 mortuus,
1389 1063 1818 1114 maledistislacess

40 1123 97 1175 sit
125 1125 324 1188 Regem
388 1122 484 1171 rius
503 1123 802 1174 adulterum,
817 1123 1130 1187 parricidam,
1150 1141 1287 1174 nunc
1305 1125 1376 1175 ob
1395 1126 1573 1176 scelera
1599 1129 1815 1183 exulem,
1843 1149 1860 1195 g
1892 1166 1912 1185 ,,
1941 1156 2005 1202 Re

40 1183 336 1248 sortisq5vin
375 1187 458 1234 icis
481 1185 771 1234 ludibrium.
819 1186 1128 1235 Amalecites
1151 1189 1346 1237 tardam
1377 1191 1574 1255 expellit
1591 1194 1816 1241 animam
1845 1186 1958 1262 [fg
2000 1169 2053 1219 g*

42 1252 259 1315 Principi
282 1250 594 1314 agonizanti,
614 1250 782 1297 Patriae
809 1245 967 1304 hosti,
991 1250 1152 1304 vieto,
1183 1254 1232 1301 ὅ(
1261 1251 1486 1310 beneficii
1520 1252 1645 1303 loco
1670 1271 1817 1304 mor-
1869 1250 1880 1262 ⁹
1962 1253 1973 1265 ’

44 1327 153 1363 tem
178 1328 291 1362 non
311 1326 417 1361 tam
452 1310 702 1376 poscenti,
722 1310 879 1372 quam
918 1317 1262 1375 extorquenti:
1304 1327 1353 1363 et
1374 1318 1514 1365 ecce!
1562 1316 1814 1369 continsto

51 1377 116 1426 ad
143 1374 435 1425 mensuram
456 1374 653 1422 vilitatis
677 1375 727 1419 in
750 1371 1071 1427 offendente,
1100 1374 1369 1432 Majestatis
1391 1381 1443 1426 in
1465 1378 1668 1430 offenso·
1684 1383 1815 1431 cres-

47 1443 114 1490 cit
135 1441 364 1489 atrocitas
385 1436 589 1485 sceleris.
662 1437 846 1505 Metire
866 1434 1049 1505 modo,
1073 1436 1107 1484 fi
1126 1451 1287 1502 potes,
1311 1439 1629 1506 Philosophe,
1649 1440 1674 1492 ὲ
1695 1444 1816 1493 nihi-

49 1505 85 1553 li
111 1505 183 1552 tui
204 1501 377 1565 abysso
407 1500 672 1556 Maiestatis
696 1501 896 1547 inhnitae
921 1500 1243 1554 ostensam‚&
1261 1503 1601 1567 deprehendes
1623 1509 1819 1556 malum

50 1580 156 1615 tam
175 1564 519 1630 graiide‚pene
542 1560 946 1624 dixissem,qua1n
968 1563 1164 1626 grandis
1185 1562 1254 1613 est
1272 1567 1430 1620 Deus,
1457 1567 1615 1631 siquid
1638 1572 1813 1619 Deum

50 1624 242 1679 infinite
263 1640 711 1690 magnumaequare
733 1624 902 1689 poiset.
974 1627 1178 1675 Verbo:
1203 1630 1375 1677 Deum
1395 1630 1487 1679 effe
1502 1632 1695 1681 neeesse
1717 1632 1811 1689 est,

48 1694 135 1756 qui
155 1705 404 1740 enormen
422 1691 612 1754 peccati
634 1691 878 1738 malitiam
912 1690 1346 1755 comprehendere
1365 1696 1510 1743 velit:
1549 1696 1814 1746 diabolum

51 1754 145 1805 esse
167 1765 388 1819 oportet,
404 1754 776 1817 quitpeccarurn
800 1752 1043 1807 admittit,
1079 1753 1114 1802 si
1135 1753 1297 1809 norit,
1321 1757 1443 1819 quid
1468 1759 1589 1807 illud
1614 1759 1684 1808 fit.

225 1817 424 1868 LEUC:
481 1817 657 1880 Superi
691 1818 699 1864 Ξ
743 1817 890 1879 quale
942 1814 1230 1868 monstrum
1269 1819 1601 1887 Philosophus
1643 1839 1815 1887 peeca-

55 1883 166 1932 tor!
201 1896 275 1930 vae
305 1879 422 1929 huic
442 1913 455 1934 ‚
493 1881 580 1943 qui
608 1879 771 1944 spreto
813 1880 959 1929 DEO
989 1883 1178 1950 cogitat
1198 1916 1211 1936 ,
1244 1882 1289 1931 se
1323 1885 1601 1948 quidquam
1637 1889 1813 1936 melius

54 1944 345 1995 habiturum
379 1961 389 1991 :
435 1959 497 1992 an
517 1943 645 1992 ultra
672 1942 886 1992 creseere
923 1945 1070 2007 possit
1111 1947 1328 1995 criminis
1361 1960 1465 1996 tam
1509 1954 1690 1997 atrocis
1724 1953 1815 1999 im-

52 2005 318 2057 mensitas?
386 2008 546 2057 MEL:
580 2003 781 2057 Potest:
815 2006 931 2056 audi
953 2007 1332 2074 Philosophiam
1348 2039 1369 2065 ,-
1400 2011 1456 2059 ut
1477 2013 1813 2063 exorbitantes

57 2071 85 2122 ὲ
112 2072 309 2120 ratione
328 2068 660 2134 Philosophos
682 2070 887 2119 reducat
918 2072 970 2120 in
992 2072 1226 2121 orbitam.
1311 2073 1522 2124 Infinitae
1554 2077 1818 2141 perfestio-

0 2147 4 2186 l.
57 2136 131 2184 nis
153 2129 222 2182 est
242 2132 448 2183 DEUS:
487 2131 608 2197 ergo
630 2133 928 2184 immensus:
970 2136 1147 2200 implet
1175 2139 1349 2186 omnia
1378 2137 1552 2203 spatia,
1598 2156 1693 2189 nec
1724 2143 1817 2189 im-

0 2204 2 2242 ?
59 2198 222 2263 pletur
246 2213 257 2245 ε
293 2192 364 2244 est
381 2197 508 2243 intra
529 2197 704 2244 omnia
725 2212 834 2245 non
860 2197 1071 2247 inclusus
1088 2232 1100 2252 ‚
1137 2196 1206 2247 est
1225 2212 1356 2248 extra
1375 2203 1579 2256 omnia,
1615 2219 1709 2251 nec
1740 2220 1815 2252 ex-

61 2259 242 2311 clusus:
280 2258 468 2321 ubique
489 2258 692 2324 praesens
714 2257 808 2314 est,
843 2273 1069 2326 penetrat
1089 2260 1281 2326 abyffos
1313 2296 1326 2318 ,
1361 2267 1595 2314 emetitur
1626 2268 1816 2318 coslos,

0 2326 5 2350 ³
62 2322 285 2389 perspicit
312 2324 487 2370 intima
511 2321 746 2371 cordium
761 2340 771 2371 :
786 2337 895 2386 quae
916 2324 1040 2389 ergo
1054 2328 1306 2390 protervia
1318 2342 1495 2377 coram
1515 2330 1660 2378 DEO
1677 2345 1817 2377 com-

0 2378 6 2437 ἓ
63 2388 264 2436 mittere
281 2419 297 2440 ,
332 2400 442 2448 quae
471 2400 647 2434 coram
676 2384 889 2435 homine
907 2390 1017 2437 non
1037 2389 1276 2438 auderes?
1313 2393 1460 2440 nimis
1487 2391 1701 2440 insolens
1724 2389 1818 2442 cst,

0 2441 9 2506 l?
65 2450 231 2514 legem
267 2448 536 2513 infringere
557 2481 572 2504 ‚
607 2449 733 2499 dum
755 2448 889 2499 adest
909 2452 1212 2517 Legislator3
1266 2454 1424 2503 ridere
1457 2470 1663 2519 poenas,
1700 2453 1822 2503 cum

7 2551 11 2572 ·.
65 2513 96 2563 s
120 2513 246 2562 estat
275 2512 474 2571 Judex;
531 2513 831 2563 conculcare
856 2517 1073 2580 pretium
1106 2517 1348 2581 sanguinis
1369 2551 1383 2573 ,
1419 2520 1538 2568 cum
1566 2517 1700 2566 videt
1726 2518 1824 2567 Re·-

7 2576 10 2582 “
106 2589 322 2645 emptor.
390 2574 599 2629 Infinitae
617 2576 962 2692 perfestionisE
955 2576 1024 2627 est
1045 2579 1221 2636 DEUS
1244 2599 1256 2631 :
1277 2579 1399 2648 ergo
1418 2577 1606 2634 infinite
1629 2580 1822 2692 horicus:

998 2656 1027 2691 2
1642 2657 1726 2707 qui
