2175 2911
370 117 435 165 16
947 114 1078 172 Area}
1100 115 1425 186 Philosqnhz‘csli.

443 203 647 258 LEUCr
712 204 984 273 Tyronum
1013 212 1162 261 latere
1189 226 1239 260 te
1277 214 1451 274 nequit
1478 208 1676 263 fatum:
1723 209 1936 264 invisum
1970 225 2074 264 ‘no-

306 283 429 320 men
450 271 543 319 illis
573 268 642 318 est
669 271 820 325 Ιεῐίἰο,
851 273 1061 323 discursu
1088 279 1348 340 capiuntur
1383 274 1600 331 facilius,
1625 271 1838 339 remque
1863 279 2069 341 capiunt

303 333 503 383 melius.
589 335 699 389 Da,
726 335 912 399 quaeso,
936 338 1196 388 modicam
1218 337 1468 402 synopsin,
1494 355 1557 388 ne
1576 339 1749 389 saltem
1768 355 1851 388 me
1870 339 2065 403 fugiant

303 397 404 449 illa,
419 411 529 459 quae
554 398 744 448 erudita
764 398 937 465 magis,
960 403 1012 451 ὃς
1040 402 1245 451 curiosa⁴
1312 404 1470 448 M'EL:
1539 403 1684 452 Plura
1707 418 1772 452 ne
1790 415 1941 466 petas,
1957 417 2069 451 nou

304 461 444 508 enim
466 457 579 524 post
607 461 787 512 lestam
811 462 1043 520 messem,
1065 466 1254 529 colligo
1271 465 1483 514 libenter
1510 466 1675 530 spicas.
1775 468 1846 515 Ex
1868 478 2065 515 meteo-

301 525 367 571 ris
390 525 544 586 igneis
573 525 691 574 alibi
711 528 1003 577 carminabo
1024 531 1180 577 crines
1205 529 1456 583 Cometis,
1479 545 1616 578 nunc
1633 531 1734 594 igni
1747 529 1890 578 fatuo
1904 528 2064 577 detra-

301 584 377 634 ho
398 587 605 640 larvam,
620 590 766 652 quod
786 602 1057 640 meteoron
1078 591 1224 640 nobis
1248 594 1553 656 notius,quia
1571 593 1895 656 frequentius,
1932 592 2065 655 Ignis

301 648 487 705 fatuus,
500 650 744 715 spedtrum
765 653 887 702 illud
897 655 1045 703 inane
1059 656 1278 709 rudium,
1298 657 1402 719 qui,
1416 672 1692 721 puerorum
1711 652 1875 709 instat,
1888 669 2066 717 quam-

300 715 375 761 vis
397 713 644 778 trepidant
667 716 962 780 Empusam,
999 718 1195 768 fatuum
1229 717 1416 769 merito
1446 720 1648 774 dixeris,
1670 734 1779 769 non
1806 721 1943 767 enim
1975 713 2064 766 nisi

302 774 472 825 fatuos
507 777 690 841 decipit
712 812 723 832 ,
753 783 804 829 ὅ(
836 780 1098 831 fatuorum
1136 779 1310 836 instar,
1332 782 1641 831 nos'turnum
1670 785 1812 837 aera,
1832 794 2068 846 pervaga-

307 850 408 887 tur.
504 840 659 889 Varia
681 842 878 892 sortitur
901 847 1141 899 nomina,
1168 861 1277 908 quae
1302 861 1411 894 non
1433 858 1539 894 tam
1565 848 1798 900 Naturae,
1863 843 1981 894 uam
2010 841 2066 892 fi-

299 916 433 966 gurae
466 901 714 953 diverfitas
758 905 876 954 huic
905 906 1250 971 phaenomeno
1288 908 1495 972 affingit,
1546 908 1816 960 Ausculta‚
1860 905 2066 960 ilubet,

300 963 422 1013 cum
450 963 584 1015 forte
611 969 663 1015 in
688 970 904 1018 circulos
934 971 1204 1019 confluunt
1217 972 1450 1024 Camilla,
1468 971 1665 1024 Sabina,
1686 970 1889 1029 Sybilla,
1914 972 1964 1019 ὃς
1983 985 2066 1017 au-

301 1026 404 1075 dies
435 1040 676 1081 terrores,
707 1033 882 1078 ruituri
913 1032 1126 1094 Olympi
1155 1033 1491 1095 prodromos,
1519 1034 1599 1080 vel
1630 1033 1813 1095 speffla
1843 1047 1901 1080 ex
1933 1045 2063 1080 orco

303 1092 484 1139 omnia
521 1089 729 1153 erupisse
765 1093 1007 1154 percipies
1057 1096 1110 1140 in
1145 1093 1250 1141 hoc
1279 1095 1483 1141 a'e‘reum
1515 1093 1702 1141 Mundi
1733 1093 2068 1157 Amphithea-

301 1164 455 1200 trum.
557 1153 678 1199 Haec
700 1156 840 1200 enim
859 1153 1057 1207 afferet,
1084 1153 1254 1203 vidiffe
1286 1154 1332 1203 se
1346 1187 1358 1208 ,
1388 1159 1611 1202 Dracones
1633 1156 1685 1203 'm
1706 1158 1820 1204 ae're
1842 1157 2066 1208 volantes,

301 1228 398 1262 nee
422 1213 516 1262 effe
539 1212 752 1263 dubium
771 1248 785 1270 ,
814 1218 939 1278 quin
966 1214 1112 1281 rupta
1142 1215 1316 1267 caten&
1348 1217 1598 1268 Cerberus
1627 1218 1830 1268 evaserit
1855 1220 1906 1266 in
1929 1218 2068 1268 hunc

302 1275 522 1326 Orbem.
623 1277 800 1326 Addet
825 1279 1004 1333 altera,
1024 1280 1070 1329 st:
1099 1279 1246 1331 hirco
1269 1295 1428 1345 nuper
1445 1281 1644 1332 vestam
1667 1282 1883 1336 volatili,
1907 1280 2069 1330 offen-

302 1336 423 1388 diffe
451 1341 601 1400 Capras
629 1341 866 1391 Paracelfi
892 1344 1178 1406 ignivomas
1198 1377 1212 1397 ‚
1241 1359 1327 1409 per
1355 1347 1468 1393 aera
1488 1345 1737 1402 fizltitantes
1764 1363 1774 1392 :
1819 1360 1945 1394 mox
1975 1345 2068 1394 alia

298 1401 590 1467 subjunget,
627 1401 673 1451 se
709 1404 1011 1469 conspexisse
1036 1406 1177 1459 stellas
1200 1407 1263 1456 de
1294 1406 1455 1456 Coelo
1485 1409 1705 1463 cadentes,
1739 1405 2064 1471 siderumque

300 1478 497 1528 partem
529 1465 597 1515 sat
621 1481 892 1531 magnam,
916 1466 1103 1527 flammai*
1132 1470 1427 1520 Promethei
1454 1470 1767 1526 succensam,
1789 1474 1840 1522 &
1879 1471 2069 1520 confla-

300 1540 551 1591 grantem.
652 1530 752 1579 Sed
775 1530 915 1579 silere
941 1531 1132 1588 jubebit
1157 1533 1356 1584 cunetas
1378 1533 1563 1598 Sybilla
1586 1567 1600 1590 ,
1629 1551 1717 1600 per
1757 1535 1934 1585 colum
1965 1536 2068 1584 san-

303 1586 383 1640 ἂὲ
405 1588 703 1646 contestans,
720 1592 866 1655 quod
888 1595 1121 1659 plagiarii,
1136 1594 1162 1645 ὲ
1184 1597 1322 1646 furca
1338 1594 2070 1662 pendentis,manes,festorum

302 1655 586 1718 pervigilia,
607 1670 717 1717 quae
738 1660 791 1705 in
807 1659 930 1707 vivis
950 1655 1083 1708 male
1104 1661 1439 1724 neglexerant,
1453 1660 1666 1708 accenfis
1687 1665 1739 1709 in
1762 1676 1976 1723 poenam
1994 1661 2071 1710 lu-

302 1716 523 1766 minibus
538 1750 551 1771 ,
571 1732 818 1783 cogantur
840 1720 940 1777 jam
960 1721 1240 1771 celebrare:
1276 1722 1410 1772 hisce
1437 1722 1597 1772 oculis
1622 1724 1791 1772 vidiffe
1814 1723 1860 1771 se
1879 1722 2069 1777 afferet,

301 1780 465 1829 noetu
487 1781 754 1832 volitantes
774 1799 862 1848 per
886 1788 1183 1834 coemeteria
1208 1785 1397 1850 spiritus
1412 1820 1426 1842 ,
1446 1781 1474 1834 ὲ
1504 1785 1687 1849 quibus
1721 1786 1848 1837 boni
1877 1785 2073 1850 fugien-

302 1854 410 1892 tem
432 1843 478 1891 se
496 1843 729 1900 insecuti,
749 1847 1095 1909 insequentem
1124 1847 1356 1913 fugiffent
1377 1848 1523 1898 mali:
1561 1849 1756 1906 jurabit,
1781 1848 1926 1912 quod
1947 1849 2072 1912 igni,-

304 1908 342 1954 ti
362 1908 599 1956 exercitus
620 1909 968 1972 paludinostim
991 1908 1224 1960 infestent
1240 1914 1501 1965 viciniam,
1522 1927 1749 1975 quorum
1771 1914 1924 1974 aliqui
1947 1914 2068 1961 scin.-

304 1970 578 2020 tillantibus
603 1972 758 2018 lanceis
779 2008 799 2023 ‚
824 1973 1078 2023 horrenda
1101 1974 1332 2024 forment
1361 1978 1412 2024 in
1439 1978 1555 2024 aere
1587 1976 1753 2040 praelia
1775 1987 1786 2023 τ
1822 1975 1899 2032 alij
1929 1975 2070 2025 velut

305 2031 606 2102 ambulones
629 2038 820 2085 erratici
838 2037 1076 2087 Viatores
1104 2038 1357 2088 deducant
1386 2041 1438 2088 in
1465 2040 1603 2093 avia,
1633 2042 1683 2089 ὅ(
1713 2038 1957 2088 deductos
1977 2053 2066 2103 per

342 2097 590 2158 raeeipitia,
617 2098 924 2150 lamentabili
951 2100 1087 2154 fato,
1121 2102 1435 2165 demergant.
1531 2103 1610 2151 En
1637 2101 1858 2156 fabulas,
1886 2101 1952 2151 ad
1977 2116 2064 2149 co-

328 2172 416 2206 um
439 2159 694 2227 *excoeiasl
730 2163 885 2217 ridet,
910 2162 1033 2212 cum
1060 2163 1167 2213 haec
1192 2165 1330 2215 audit
1348 2164 1713 2230 Philosophus,
1731 2168 1783 2216 ὅ(
1804 2160 2058 2215 sarcastico

307 2219 561 2269 cachinno
609 2224 830 2287 explodit
869 2227 1021 2276 aniles
1054 2243 1236 2292 gerras.
1354 2229 1458 2278 Scit
1495 2231 1633 2278 enim
1656 2261 1669 2282 ,
1701 2225 2058 2294 pyrotechnica

306 2281 418 2354 haec
447 2281 807 2359 phaenomena,
849 2292 1165 2340 connaturali
1191 2290 1356 2356 genefi
1379 2325 1392 2346 ,
1425 2290 1520 2341 effe
1549 2307 1763 2357 vapores
1792 2289 2058 2344 humidos,

307 2344 591 2408 halitusque
609 2346 763 2397 siccos
777 2383 790 2404 ,
810 2367 866 2399 ex
895 2353 1194 2418 corporibus
1223 2356 1385 2404 mixtis
1407 2355 1678 2410 extrastos,
1697 2355 1748 2403 δε
1771 2355 1818 2403 vi
1846 2352 2058 2406 caloris,

312 2423 372 2457 ac
391 2406 724 2473 antiperisticae
753 2414 1039 2466 intensionis
1062 2417 1310 2467 accensos.
1387 2419 1548 2473 Hinc,
1568 2417 1639 2468 ob
1659 2417 1915 2466 levitatem
1941 2414 2058 2465 faci-

311 2467 361 2522 le
381 2470 624 2527 mobiles,
658 2476 822 2524 varios
849 2479 900 2526 in
930 2493 1083 2528 moto
1111 2483 1224 2530 aere
1244 2480 1442 2546 fingunt
1463 2482 1638 2531 saltus:
1673 2477 1745 2528 ob
1765 2476 2062 2530 densitatem

312 2534 397 2587 vel
418 2538 670 2587 raritatem
703 2536 918 2591 diversos
938 2543 1153 2597 induunt
1174 2545 1376 2598 colores
1396 2576 1410 2600 ,
1434 2556 1584 2608 atque
1611 2539 1792 2608 figuras
1818 2558 1828 2589 :
1840 2540 1976 2656 alluuie
2002 2543 2057 2592 in

1802 2619 1837 2670 p
1889 2619 1921 2656 u
1957 2620 1994 2653 1-
