2175 2911
734 110 914 170 Oedipus·
935 108 1149 171 Physicus.-
1636 119 1699 155 20
1710 119 1734 167 ς

56 209 232 264 Canis,
254 210 341 272 qui
361 205 577 269 sagacior
604 203 804 253 Arcade
820 219 832 256 3
847 204 998 252 Simia
1013 236 1025 256 ,
1046 219 1154 266 quae
1172 203 1397 254 solertior
1419 204 1793 268 quovisTaurO.

51 272 169 322 Imo
185 274 233 322 ὃς
250 267 580 321 valentiflimae
599 266 774 315 belluae
793 281 900 315 non
917 266 1032 314 raro
1046 265 1250 316 herbam
1272 270 1491 317 minimis
1510 267 1794 330 porrigunt:

0 347 2 389 ξ
44 333 110 382 fic
129 331 432 384 Crocodilus
445 329 644 392 fugatur
657 330 718 377 ab
733 328 1081 379 ichneumone
1096 346 1108 380 ς
1124 330 1305 379 Asinus
1316 331 1378 379 ab
1394 328 1706 378 Acanthide3
1729 323 1793 373 ab

0 419 4 450 ι
49 397 254 446 Aranea
275 393 426 443 Bufo.
496 393 697 456 Qanta
720 392 950 441 machina
962 388 1030 439 est
1046 392 1280 456 Elephas?
1316 406 1365 442 at
1387 395 1473 455 qui
1499 392 1562 439 ad
1580 399 1793 439 armatas

0 454 5 508 ἓ
41 458 311 523 phalanges
334 453 425 504 stat
441 457 822 519 imperterritus,
840 454 903 504 ad
921 456 1074 502 muris
1101 456 1423 521 conspectum
1455 453 1694 518 trepidat,
1738 452 1791 501 ὅ(

0 509 4 588 ξ
42 521 124 569 vel
149 519 213 568 ad
239 523 383 569 unius
405 518 611 584 porcelli
631 522 922 582 grunnitum
943 520 994 566 in
1016 516 1188 581 fugam
1212 522 1433 569 vertitur.
1502 516 1718 567 Robore
1737 516 1790 564 &

0 593 6 640 ε
41 584 214 635 animi,
238 585 288 634 ὅ(
310 583 536 646 corporis
558 584 740 630 caeteris
760 578 917 637 bestiis
938 580 1192 644 praefertur
1204 583 1331 636 Leo,
1345 584 1431 645 qui
1451 594 1622 629 tamen
1641 588 1788 644 pavet

0 648 5 699 ἐς
44 645 110 694 ad
137 646 267 695 Galli
295 658 524 697 cantum',
545 647 595 695 ὃς
615 646 694 692 vel
728 647 947 693 minimo
977 644 1134 691 culice
1160 646 1208 691 in
1239 645 1608 709 Mesopotamia
1633 641 1787 692 vinci-

40 720 147 757 tur:
183 709 331 772 quid?
369 708 511 771 quod
537 711 586 758 ὃ(
618 707 838 770 Aquflae,
866 707 1056 756 Avium
1090 708 1292 769 Reginae
1310 741 1322 759 ,
1347 721 1510 756 tantus
1536 721 1643 755 non
1672 704 1727 753 fit
1756 701 1785 750 a

0 774 7 824 l
42 771 256 820 fulmine
276 771 476 820 trisulco
495 784 680 824 terror,
704 783 756 819 ut
773 787 879 819 non
901 772 1050 817 etiam
1079 770 1360 818 Scarabaeus
1390 771 1555 819 eidem
1579 781 1788 832 congre·
1817 791 2002 851 Ange&

3 857 6 863 ·
46 834 104 895 di
118 835 405 899 praesumat:
457 848 640 897 nempe
666 846 721 882 ut
753 830 868 883 vere
896 848 1005 881 non
1027 831 1218 888 minus,
1239 832 1394 896 quam
1414 833 1630 883 hilariter
1657 830 1789 880 canit
1821 857 1957 908 Gaza
2004 830 2019 846 ⁰

3 907 8 927 ⁷
46 897 256 948 Author
276 897 610 946 Hilariorum:
1141 932 1154 937 .,
1820 915 1899 966 Tit
1931 893 1974 977 3⁸

5 967 9 970 ’
329 963 397 1007 Ea
418 961 703 1019 parvulorum
725 959 780 1014 est
797 963 980 1013 indoles,
1001 975 1051 1008 ut
1074 974 1245 1023 corpore
1902 953 1914 966 ⁰
1961 954 1976 970 ’

5 1054 7 1068 2
328 1026 398 1068 Sis
420 1025 584 1067 animus
606 1023 693 1068 ollis
706 1025 912 1081 grandior
925 1026 1052 1084 pedes
1070 1027 1224 1069 decem.

5 1088 11 1107 ⁸
37 1086 105 1139 Ut
125 1085 244 1135 nihil
269 1085 434 1134 dicam
451 1117 462 1137 ‚
479 1084 745 1137 Civitates,
762 1101 819 1134 ac
848 1087 1034 1135 Gentes
1065 1089 1276 1150 integras
1299 1084 1325 1134 a
1346 1084 1548 1133 minutis
1572 1082 1793 1131 animali-

7 1192 11 1198 .
43 1150 136 1200 bus
163 1150 364 1202 deletas,
433 1148 512 1196 Sic
531 1147 826 1197 aCuniculis
853 1148 1108 1198 suffossum
1135 1150 1344 1212 legimus
1364 1151 1413 1197 in
1437 1148 1663 1210 Hispania
1688 1148 1796 1209 Op-

7 1215 12 1229 '
44 1213 250 1277 pidum3
287 1210 314 1259 a
337 1209 503 1321 Taffis
531 1214 581 1259 in
603 1210 873 1263 Theffalia‚
896 1212 923 1260 ὲ
952 1214 1104 1262 Ranis
1135 1212 1388 1260 civitatem
1416 1213 1466 1260 in
1501 1210 1660 1260 Gallia
1688 1208 1798 1273 pul-

42 1276 174 1326 sam3
214 1273 242 1322 a
262 1275 409 1322 Locu
453 1275 489 1320 is
512 1275 561 1321 in
586 1275 786 1325 Africa3
823 1290 880 1322 ex
900 1275 1071 1338 Gyaro
1099 1275 1382 1337 Cycladum
1414 1274 1571 1324 Insula
1596 1273 1797 1334 fugatos

40 1338 72 1390 ὲ
95 1337 318 1386 muribus
340 1337 547 1388 incolas,
567 1338 617 1383 in
642 1337 776 1384 Italia
800 1337 983 1384 deletas
1004 1337 1031 1385 a
1053 1338 1349 1402 serpentibus
1373 1337 1630 1400 Amyclas.
1649 1336 1714 1384 Ut
1727 1335 1798 1381 ni·

13 1426 15 1429 »
42 1402 113 1452 hil
143 1415 589 1451 commemorem,
620 1398 832 1451 Tesiudz'm'
860 1402 1114 1447 munitum
1150 1399 1280 1448 adeo
1312 1401 1405 1448 esse
1439 1413 1631 1461 tergus,
1655 1409 1709 1445 ut
1728 1396 1798 1444 illi

42 1462 354 1531 proterendo
387 1463 569 1512 nullius
603 1465 743 1525 equi,
769 1463 847 1511 vel
877 1462 1147 1525 elephantis
1178 1462 1382 1510 sufficiat
1409 1462 1599 1526 planta:
1643 1462 1799 1505 Remo-

10 1529 17 1550 *
44 1545 138 1576 ram
166 1529 377 1590 integras
400 1523 559 1574 sistere
580 1528 630 1574 in
655 1526 795 1573 cursu
817 1540 990 1574 naves:
1027 1525 1264 1583 Mfflulum
1297 1527 1478 1589 piscem
1495 1557 1508 1578 ‚
1531 1522 1799 1586 grandium

45 1591 299 1641 Cetorum
319 1587 412 1637 effe
432 1589 634 1642 ducem,
656 1591 706 1639 ὃ(
726 1588 1164 1638 Gubernatorem:
1200 1584 1228 1636 ὲ
1257 1587 1436 1650 quibus
1462 1587 1703 1636 omnibus
1730 1585 1798 1633 fa-

12 1687 19 1709 2
44 1650 139 1704 cile
161 1654 367 1718 colliges
383 1687 397 1706 ,
421 1655 571 1700 etiam
603 1654 822 1701 minimis
846 1667 1049 1716 magnas
1069 1655 1210 1704 vires,
1235 1651 1450 1707 majores
1472 1651 1656 1700 viribus
1676 1652 1766 1697 iras
1782 1681 1797 1704 ‚

44 1717 336 1767 Artificium
359 1718 563 1765 Naturae
585 1718 894 1770 maximum,
911 1714 966 1764 ut
985 1717 1281 1778 neutiquam
1303 1710 1503 1779 poetice
1526 1715 1678 1764 Vates
1697 1712 1796 1766 ille,

13 1801 16 1821 ι
49 1782 137 1842 qui
156 1782 359 1828 cecinit:
395 1777 468 1837 eff}
486 1783 530 1824 in
553 1778 773 1830 tenuibus,
799 1781 853 1826 Θ*
865 1778 1024 1840 pufillis
1041 1782 1194 1826 reculis
1211 1779 1379 1826 laudem
1404 1777 1672 1841 Optimique,
1693 1778 1797 1822 Ma·-
1825 1774 2039 1824 Ideml.c.

13 1874 15 1876 -
45 1840 236 1904 ximique
256 1845 505 1890 maximam.

15 1954 17 1958 ,
174 1905 371 1955 LEUC:
439 1906 620 1969 Capio,
635 1921 724 1954 cur
746 1905 881 1954 idem
902 1907 1129 1971 corporis
1151 1906 1408 1958 fabricam,
1423 1898 1681 1968 animique
1702 1901 1794 1952 do·

15 2003 17 2006 -
44 1981 118 2018 tes
141 1967 282 2016 altius
299 1971 505 2017 rimatus
527 1972 577 2017 in
607 1971 851 2023 minimis,
869 1970 1075 2018 tandem
1110 1966 1419 2019 exclamarit:
1489 1974 1524 2017 O
1553 1969 1603 2015 ιὲῑ
1634 1967 1795 2014 relucet

16 2087 19 2091 ¹
41 2034 229 2091 Magnus
244 2033 288 2076 in
307 2037 460 2090 parvis
479 2035 672 2079 DEUS!
705 2033 822 2081 hinc
843 2034 894 2080 in
917 2035 987 2081 tui
1007 2033 1419 2086 reverentiam,id
1440 2033 1574 2082 dabo
1596 2031 1793 2086 lubens,

44 2096 298 2147 Naturam
318 2097 369 2141 in
391 2096 612 2143 minimis
636 2098 908 2145 maximam
930 2095 1020 2144 esse
1044 2095 1303 2146 artificem.
1327 2097 1424 2145 Sed
1439 2094 1506 2145 est
1525 2095 1657 2145 aliud
1682 2108 1798 2159 pro-

6 2157 241 2221 ‹iblcma‚
262 2156 406 2218 quod
432 2157 626 2206 dudum
651 2158 873 2222 fatigavit
907 2159 1096 2208 curiosa
1125 2160 1422 2224 Sophorum
1451 2161 1679 2225 Ingenia:
1732 2171 1796 2205 an

5 2233 20 2271 il
45 2236 233 2284 nempe
263 2221 410 2268 Bruta
451 2222 807 2284 magnitudinis
835 2225 1107 2271 terminum
1145 2223 1360 2271 habeant
1383 2256 1396 2277 ‚
1433 2227 1481 2274 ὃς
1515 2221 1794 2288 parvitatis?
1820 2254 1838 2300 l
1870 2265 1888 2298 1
1951 2252 1983 2302 h

4 2300 21 2350 εξ
45 2284 247 2334 nullum
280 2283 465 2331 habere
494 2285 757 2332 contendit
775 2286 953 2334 Paulus
976 2286 1225 2335 Venetus:
1255 2289 1304 2336 ὅ(
1337 2289 1476 2335 ecce!
1524 2285 1794 2350 quoratio-
1840 2290 1850 2301 ·
1901 2258 1954 2314 'p
1969 2250 2034 2315 ys·

45 2363 176 2397 num
208 2347 469 2410 splendore
493 2349 531 2395 is
551 2347 686 2396 suam
715 2347 898 2397 Thefin
928 2346 1147 2397 illustret.
1249 2350 1581 2401 Crocodilus,
1604 2347 1789 2409 inquit,
1821 2330 1942 2428 9·ῗῇ
1972 2380 1991 2427 l

49 2409 245 2458 tamdiu
263 2409 455 2462 crescit,
479 2409 634 2473 quam
654 2412 799 2460 vivit:
835 2414 1088 2461 Formicas
1110 2414 1302 2462 Indicas
1323 2414 1664 2477 magnitudine
1686 2408 1791 2457 vul·
1818 2396 1883 2473 ²⁷²,
1945 2396 1971 2425 ‘²
1989 2413 2005 2431 ⁰

21 2489 135 2538 sspes
165 2472 428 2526 excedere,
449 2474 742 2523 Herodotus
762 2475 972 2525 Author
999 2473 1091 2524 est:
1129 2489 1345 2538 quatuor
1373 2478 1568 2527 cubitos
1600 2473 1791 2523 emetiri
1818 2475 1906 2554 Γ·

30 2533 261 2589 locustas
277 2537 330 2587 in
347 2536 643 2599 quibusdam
666 2540 817 2590 Indiae
835 2539 1083 2655 Psstsslbub
1109 2539 1311 2595 testatur
1340 2542 1550 2598 Plinius,
1575 2550 1790 2603 quarum
1837 2517 2001 2568 ‘9⁸⁶3'
2046 2575 2051 2581 .

1011 2616 1035 2663 3
1587 2615 1732 2656 crura

10 2700 27 2781 t]
