2175 2911
0 2618 20 2911 W“.W
0 2557 19 2611 ’50³
0 2117 24 2542 JW'zW'JHLsstJ-j÷;
0 2091 10 2104 '⁷

700 120 916 181 Speculum
947 119 1182 179 Phyficum.
1663 134 1746 182 171

80 212 264 264 licitare
290 211 554 264 successum
570 243 584 266 ,
605 221 660 259 ut
679 212 806 258 intra
832 211 1074 274 pauculos
1104 211 1228 258 soles
1258 212 1309 259 in
1331 210 1506 276 Lyceo
1524 212 1822 264 Atheniensi

81 278 321 343 flagitiosa
353 274 672 325 baccharetur
697 274 918 331 licentia,
949 276 998 323 <Sc
1021 273 1302 321 Academia
1325 275 1377 322 in
1414 277 1645 340 lupanar,
1664 276 1824 326 Athe-

31 344 33 409 ζ
80 356 249 390 naeum
268 343 319 389 in
339 340 645 401 Gynaeceum
666 337 1004 384 meretricium
1036 335 1091 383 sit
1108 348 1502 386 commutatum.
1573 339 1690 390 Vah
1711 356 1827 405 pro-

30 454 33 469 l
81 404 258 457 brum,
281 402 361 450 sed
379 401 488 448 solis
515 399 735 449 Ethnicis
757 399 1185 462 exprobrandum!
1226 400 1437 448 vivimus
1460 413 1708 467 tempora,
1723 406 1829 466 qui·

83 467 175 515 bus
196 466 325 514 nulla
339 462 575 526 Cupidini
590 463 713 516 Ara,
733 462 795 509 ad
815 465 1086 511 minimum
1112 461 1336 526 publica:
1373 463 1552 524 quibus
1572 467 1826 515 nulliCar-

81 531 183 580 mi,
205 526 387 583 notorii
417 526 588 573 ialtem
621 528 669 576 ὃς
701 526 914 575 tolerati.
1017 524 1179 593 Qod
1199 523 1233 572 fi
1253 526 1339 587 qui
1366 523 1497 574 forte
1524 530 1575 575 in
1593 529 1825 593 Peripato

81 590 265 653 Sophi‚
290 591 377 651 qui
400 589 573 638 Carini
591 588 787 637 Sectam
809 586 1162 653 profiteantur,
1188 588 1447 636 excusandi
1478 589 1588 638 sunt
1612 589 1825 646 merito,

29 664 33 722 ὲ
81 657 196 715 quia
219 652 431 700 occulti:
470 652 741 700 execranda
761 651 968 714 quidem
992 667 1173 699 eorum
1193 651 1377 698 malitia
1395 683 1408 704 ,
1427 651 1507 700 sed
1534 653 1827 703 admiranda

81 712 266 780 magiS,
290 717 406 777 quia
429 715 704 779 ingeniosa:
742 730 848 762 non
872 716 940 762 illi
965 714 1069 763 haec
1102 710 1326 778 publice,
1350 714 1493 776 quod
1526 716 1588 764 ad
1618 716 1829 781 scopum

81 780 318 843 ineptius,
341 778 420 826 sed
443 773 665 827 occu-lte,
699 778 841 839 quod
862 779 1035 826 tutius:
1075 778 1265 825 larvam
1283 777 1525 832 induunt,
1546 791 1601 827 ut
1620 779 1830 828 securius

82 854 325 891 noceant:
366 840 622 888 occultant
646 839 822 890 scelus,
844 856 909 888 ne
939 841 1032 888 effe
1058 837 1241 888 scelesti
1265 840 1640 904 prohibeantur.
1742 845 1833 891 Ex-

83 904 282 953 cusandi
299 903 408 951 sunt
427 900 610 951 merito
627 936 639 957 ,
664 919 770 950 non
797 906 933 950 enim
957 905 1145 952 Veneri
1171 906 1366 968 erigunt
1390 906 1544 958 Aras,
1572 905 1651 952 sed
1680 904 1835 953 libros

27 997 30 1008 ι
83 978 310 1020 exarant,
333 967 512 1029 quibus
532 966 638 1030 plus
662 967 776 1016 Aris
797 966 1054 1019 omnibus,
1070 968 1312 1031 erigendis
1328 968 1533 1021 Veneri,
1558 964 1831 1015 destruunt.

80 1045 283 1079 novum
309 1028 412 1077 hoc
447 1025 739 1092 stratagema
767 1030 828 1077 ab
866 1030 1120 1078 Annibale
1155 1030 1325 1078 didicit
1360 1029 1515 1095 pubes
1551 1030 1830 1094 ingeniosa:

84 1095 129 1143 Is
149 1095 285 1140 enim
299 1125 311 1144 ,
332 1102 510 1139 contra
530 1093 811 1140 Eumenem
826 1125 838 1144 ,
863 1094 1060 1155 Regem
1082 1094 1333 1156 Pergami,
1352 1106 1684 1156 pugnaturus,
1704 1095 1837 1157 vipe-

25 1154 29 1178 ³
83 1172 159 1205 ras
178 1156 288 1203 ollis
311 1153 514 1201 inclusas
536 1154 744 1218 projecit
766 1157 815 1200 in
838 1151 988 1201 castra
1004 1187 1015 1206 ,
1041 1169 1149 1216 quae
1180 1171 1236 1201 cx
1264 1157 1541 1217 improviso
1571 1171 1836 1219 erumpen-

25 1248 28 1256 ·
85 1219 184 1273 tes',
214 1214 341 1268 hosti
364 1215 494 1281 prius
525 1218 791 1264 intulerant
827 1216 1018 1264 lethum
1035 1250 1047 1270 ,
1073 1216 1224 1278 quam
1251 1217 1330 1264 ille
1353 1213 1605 1265 strinxerat
1623 1218 1830 1265 ferrum.

25 1294 27 1322 Ξ
84 1285 152 1332 Hi
180 1282 412 1341 nequiori
443 1276 641 1333 astutia,
686 1279 749 1327 iic
781 1281 1033 1335 amatoriis
1063 1280 1233 1335 Ovidij
1265 1280 1563 1333 involucris,
1594 1279 1659 1328 fic
1687 1280 1834 1328 olidis

23 1346 28 1401 ζ
85 1345 274 1396 Tibulli
306 1342 604 1392 centonibus
643 1343 926 1394 occultant,
957 1344 1006 1390 ὃς
1036 1342 1316 1405 dispergunt
1348 1342 1616 1404 serpentes,
1643 1356 1698 1391 ut
1728 1358 1838 1391 non

23 1419 27 1429 ³
88 1420 295 1458 notetur
315 1421 596 1459 venenum,
616 1404 700 1452 nifi
728 1404 826 1460 jam
855 1400 1084 1452 haustum
1102 1436 1113 1456 ,
1134 1419 1227 1450 nec
1262 1405 1523 1452 advertant
1546 1405 1589 1453 se
1618 1407 1837 1463 juvenes

24 1469 28 1524 ἶ
88 1468 307 1537 periisse,
326 1468 411 1517 nisi
433 1467 552 1517 cum
580 1465 784 1533 periere.
887 1465 1157 1515 Excusandi
1187 1466 1294 1514 sunt
1316 1465 1528 1515 merito:
1566 1483 1676 1515 non
1702 1470 1842 1516 enim

23 1565 27 1581 .
90 1531 289 1601 publice
317 1535 512 1597 erigunt
535 1531 722 1585 Aram,
744 1530 824 1578 sed
849 1531 898 1577 in
933 1530 1167 1582 occulto,
1198 1531 1424 1593 aperiunt
1454 1529 1654 1577 haram:
1694 1545 1842 1577 vene-

23 1605 25 1613 '
89 1614 216 1646 num
237 1600 288 1645 in
309 1611 398 1644 ore
428 1594 809 1646 circumferunt,
835 1592 1099 1641 conditum
1135 1595 1330 1640 saccaro
1348 1625 1360 1643 ,
1386 1592 1588 1641 cuilibet
1615 1605 1667 1640 ut
1690 1592 1841 1656 asper-

90 1673 237 1727 gant,
273 1659 502 1721 quemvis
532 1669 587 1704 ut
618 1655 839 1712 jocando
876 1670 1084 1717 quoque
1113 1657 1423 1703 interimant:
1473 1658 1523 1703 in
1554 1655 1841 1703 urbanitatis

21 1740 24 1767 2
90 1722 276 1790 cyatho
301 1722 572 1786 propinant
598 1718 792 1784 philtra,
815 1718 900 1767 sub
925 1720 1150 1766 amicitia:
1175 1718 1423 1767 schemate
1446 1718 1704 1766 occultant
1726 1718 1840 1769 tela,

21 1794 24 1840 ξ
92 1798 149 1834 ut
171 1789 397 1834 incautos
420 1781 636 1836 felicius,
666 1780 963 1845 contagiosa
991 1782 1102 1835 lue,
1124 1781 1370 1833 inficiant,
1392 1781 1605 1830 infectos
1639 1793 1838 1829 necent.

92 1847 364 1899 Excusandi
384 1846 491 1895 sunt
513 1844 723 1894 merito:
763 1861 881 1892 nam
914 1844 1220 1893 bacchantur
1248 1861 1355 1892 non
1380 1844 1464 1892 nifi
1485 1860 1603 1892 cum
1626 1843 1839 1908 Thyrso‚

21 1905 24 1950 7
96 1927 250 1974 quern
271 1910 475 1958 floribus
495 1911 781 1959 velaverant
808 1907 1103 1961 Bacchides,
1125 1921 1206 1960 ut,
1232 1910 1511 1972 pugionem
1538 1906 1744 1955 fioribus
1775 1920 1843 1954 te-

20 1982 25 2023 ἒ
95 1977 250 2027 ctum,
266 1973 475 2021 securius
498 1984 781 2035 mergerent
807 1974 856 2019 in
878 1971 1058 2019 viscera
1071 1972 1367 2019 Viatornm:
1404 1973 1455 2018 in
1468 1972 1642 2034 Lyceis
1663 1969 1707 2018 se
1719 1971 1843 2018 Har-

21 2054 23 2074 1
95 2049 324 2106 pocrates
345 2034 575 2084 simulant
591 2068 602 2088 ‚
627 2039 677 2083 in
693 2036 893 2083 'circulis
917 2034 1143 2100 produnt
1173 2034 1217 2081 se
1241 2035 1509 2097 Epicuros:
1547 2035 1597 2080 in
1617 2031 1842 2089 Ecclefijs

97 2102 222 2152 fusas
245 2111 383 2164 putes
407 2115 463 2146 ex
483 2113 575 2145 aere
597 2095 854 2151 statuas,in
877 2098 1239 2146 conventiculis
1254 2098 1548 2145 Ganeones:
1571 2095 1757 2144 verbo:
1779 2099 1842 2142 in-

99 2167 168 2213 τιὶς
193 2167 392 2210 Nerones
407 2194 418 2214 ,
433 2159 544 2220 foris
569 2162 761 2211 Catones,
791 2161 1022 2209 simulant
1045 2176 1217 2213 ovem,
1231 2173 1285 2208 ut
1303 2171 1470 2223 tegant
1493 2160 1687 2224 lupum.
1739 2160 1842 2208 De-

96 2230 248 2290 nique
275 2223 533 2273 excusandi
554 2223 662 2271 sunt
686 2221 888 2276 merito,
905 2238 1020 2270 narn
1037 2220 1372 2271 Ecclesiastico
1394 2219 1529 2277 teste,
1558 2237 1594 2269 1.
1613 2238 1720 2271 non
1751 2221 1838 2270 nisi

98 2296 143 2339 in
157 2291 324 2350 silentio
347 2289 564 2339 mordent,
586 2286 635 2332 tlt
646 2284 832 2345 serpens:
872 2289 920 2335 ὅ(
945 2287 1086 2348 quod
1110 2284 1215 2334 satis
1242 2288 1408 2334 mirari
1439 2302 1547 2334 non
1573 2282 1735 2349 potest
1756 2286 1836 2333 Se·
1870 2288 1911 2335 C.
1934 2302 2006 2337 10.

99 2369 224 2405 neca
237 2386 250 2406 ‚
276 2351 470 2410 2.z'yjdem
484 2351 582 2406 δβῃιϊ
603 2348 1079 2420 υἱῑιζίςἕναῑέοῖἱψῖιζίίηω·
1097 2362 1257 2395 nocent.
1327 2350 1466 2418 Qid
1487 2351 1608 2414 ergo
1629 2351 1834 2400 mirum»

100 2416 243 2482 quod
263 2415 451 2462 codem
470 2412 734 2464 Authore,
755 2425 856 2460 tam
881 2414 1019 2476 periti
1048 2411 1139 2460 fint
1166 2424 1470 2473 expugnatores
1505 2416 1646 2459 alienae
1670 2412 1833 2471 pudici·
1868 2416 2034 2475 Ep,94,

100 2485 194 2533 τίω,
217 2477 340 2540 qndm
371 2477 623 2535 negligentes
642 2475 746 2531 sim:
793 2474 915 2537 quid
944 2477 1158 2530 mirum,
1189 2476 1332 2539 quod
1360 2475 1423 2524 fic
1458 2485 1712 2524 exarment
1734 2472 1835 2520 Cu-

99 2543 273 2609 pidinis
293 2539 540 2606 pharetras
554 2572 568 2596 ,
594 2553 647 2588 ut
666 2539 805 2604 plura
825 2538 943 2593 tela,
969 2540 1021 2585 in
1033 2540 1060 2595 J
1067 2552 1259 2590 uventae
1280 2541 1477 2591 ruinam
1492 2572 1504 2596 ,
1526 2539 1678 2590 velint
1694 2537 1836 2584 emit-
1869 2541 2075 2588 Contr.l.t

1868 2608 2000 2653 Poem.

982 2602 1026 2651 Y
1061 2615 1090 2648 2
1637 2612 1739 2648 tere
1752 2632 1766 2654 ,

160 2678 172 2698 ἱ
