2175 2911
420 89 508 138 126
980 87 1215 138 Academia
1247 91 1496 138 Brutorum.

348 179 628 231 Prudentiae
657 191 765 226 non
795 175 1007 241 vulgaris
1032 189 1347 242 argumenta,
1370 192 1479 240 quae
1500 176 1615 239 quia
1642 175 1732 226 tibi
1758 191 1867 226 non
1888 181 2088 244 ignota,

347 242 640 308 supersedeo
666 255 918 293 enarrare,
952 256 1016 290 ne
1041 244 1337 307 repetitione
1360 240 1603 305 prolixus,
1625 243 1676 290 ὅ(
1697 241 1975 304 prolixitate
2003 245 2092 294 tibi

350 305 472 355 fiam
500 301 757 354 molestus.
837 305 989 350 MEL:
1071 307 1142 354 Ita
1175 301 1242 352 est
1265 339 1278 354 ,
1319 318 1427 351 non
1458 304 1632 366 ignota
1658 306 1901 352 recenses:
1938 307 1987 355 ὅ(
2008 303 2042 353 s1
2063 303 2092 355 ὲ

350 368 668 434 Zoographis
695 379 800 415 tam
835 366 1005 416 sedulo
1026 363 1259 417 corralisti
1284 365 1389 415 haec
1411 379 1704 429 argumenta
1720 399 1732 420 ‚
1762 381 1945 416 eorum
1969 382 2093 430 quo-

353 448 453 496 que
486 434 655 496 legeris
694 431 996 479 solutionem
1029 464 1041 485 ‚
1073 447 1226 492 quam
1261 432 1311 479 ὅς
1340 429 1580 483 brevem,
1603 432 1652 479 ὃς
1681 430 1882 478 facilem
1915 432 2091 480 innuo.

353 498 635 561 Stagiritam
665 494 1008 558 imprudentiae
1036 492 1274 559 postulat,
1303 494 1410 555 quis
1430 493 1539 555 quis
1560 507 1731 542 veram
1759 493 2093 556 prudentiam,

353 562 584 619 cognitioni
609 557 722 615 finia,
754 559 960 605 &media
982 560 1034 604 ad
1053 557 1182 616 finem
1206 558 1509 617 praeordinanti
1521 587 1533 608 ,
1553 558 1876 612 conjunctam
1892 588 1906 609 ‚
1925 556 1988 605 ab
2011 572 2097 606 eo-

354 623 474 672 dem
503 623 660 671 Brutis
688 620 835 670 tribui
859 621 1055 677 judicat.
1155 622 1281 684 Qtis
1307 621 1445 668 enim
1474 617 1644 666 credat
1663 651 1678 672 ‚
1703 618 2098 684 Philosophum,

352 701 510 750 quem
535 681 562 734 ὲ
581 686 722 743 Jovis
744 684 950 733 cerebro
971 684 1058 733 sibi
1083 684 1258 732 datum
1273 716 1285 736 ‚
1307 698 1400 732 nec
1422 679 1710 736 immerito,
1735 682 1964 732 adoravit
1989 683 2098 732 An-

353 753 578 813 tiquitas,
596 748 766 812 apibus
785 743 812 796 ὲ
833 744 1150 796 'stolidiffimo
1171 746 1380 795 cerebro
1396 779 1408 800 ‚
1441 748 1556 808 quia
1589 745 1785 795 bovino
1814 747 2096 810 prognatis‚

355 813 634 862 carentibus
658 810 813 859 corde
828 844 840 865 ‚
861 811 1188 876 pulmonibus
1203 843 1215 865 ,
1236 809 1444 858 cerebro
1461 843 1472 861 ,
1494 809 1709 871 partibus
1735 809 1797 856 ad
1831 808 2099 858 discursum

352 871 573 925 maxime
597 872 868 930 necessariis
890 875 1206 939 prudentiam
1228 869 1548 930 adjudicasse?
1586 871 1884 929 adjudicavit
1911 876 2100 934 utique,

354 954 466 989 non
496 952 668 986 tamen
700 952 871 986 veram
891 970 905 989 ,
936 937 1017 985 sed
1046 939 1341 999 analogam,
1371 951 1479 984 non
1508 936 1711 982 rationis
1739 933 1921 986 filiam,
1946 934 2025 982 sed
2048 934 2102 982 fi-

356 1005 513 1051 miam
528 1034 541 1055 ‚
563 998 815 1048 instinctus
837 1013 1020 1061 nempe
1040 999 1312 1049 mirabiles,
1336 1012 1392 1044 ac
1414 999 1629 1058 impetus
1653 999 1855 1044 Naturae
1875 997 2100 1051 insertos,

109 1036 323 1088 S‘Ambr·
355 1068 429 1129 qui
458 1065 551 1110 cnm
572 1062 658 1120 fint
680 1061 865 1122 quaedam
895 1061 1109 1104 derivatio
1143 1059 1382 1104 Prudentiae
1403 1061 1633 1111 Increatae,
1658 1060 1846 1105 mirum
1877 1073 1988 1108 non
2006 1057 2102 1114 est,

109 1107 285 1152 'nH⁶x·
355 1128 391 1178 fi
420 1124 690 1192 prudentiae
719 1121 952 1169 humanae
974 1120 1186 1183 speciem
1208 1121 1479 1168 imitentur.

482 1185 679 1236 LEUC:
748 1185 876 1233 Non
906 1199 990 1232 me
1014 1183 1166 1247 fugit,
1193 1182 1255 1231 ab
1275 1182 1486 1232 adversae
1509 1184 1654 1247 partis
1686 1182 1964 1234 fautoribus
1984 1184 2108 1234 solvi
2174 1200 2175 1223 ὲ

357 1251 544 1303 multa,
566 1247 698 1297 eludi
718 1247 933 1310 plurima
955 1262 1044 1312 per
1066 1261 1226 1295 caecos
1250 1248 1453 1296 Naturae
1476 1243 1728 1296 instindtus
1743 1280 1755 1300 ‚
1770 1247 1850 1296 sed
1864 1248 2010 1310 plane
2024 1263 2108 1296 ne·
2174 1278 2175 1287 κ

356 1315 458 1366 scio
472 1347 484 1368 ‚
504 1327 611 1375 quo
630 1306 886 1359 instinstu:
923 1326 987 1358 an
1003 1309 1083 1359 hic
1103 1310 1304 1374 clypeus
1323 1309 1634 1375 Philosopho
1653 1310 1830 1374 dignus
1850 1313 1905 1362 fit
1919 1344 1931 1364 ⁷
1956 1326 2107 1375 penes
2172 1366 2174 1375 J

355 1391 406 1428 te
429 1377 669 1434 iudicium
694 1369 817 1421 esto.
919 1372 977 1422 Id
995 1372 1207 1421 fidenter
1228 1372 1437 1421 edissero
1461 1405 1474 1427 ‚
1506 1375 1826 1438 experientias
1857 1374 2108 1432 ejusmodi
2172 1392 2174 1428 ῑ

358 1441 541 1492 multas
566 1438 722 1491 bene,
743 1451 853 1484 non
881 1451 1062 1484 omnes
1091 1431 1313 1500 optime,
1338 1437 1523 1498 aliquas
1546 1451 1611 1484 ne
1638 1436 1847 1499 quidem
1878 1432 2108 1501 congrue
2170 1445 2173 1495 j

359 1504 425 1554 fic
448 1501 710 1566 explanari.
810 1498 951 1568 Qd
972 1501 1108 1548 enim
1128 1501 1331 1549 Naturae
1351 1501 1567 1564 impetus
1591 1502 1642 1547 in
1666 1502 1865 1550 occulta
1880 1535 1893 1557 ‚
1914 1501 2034 1564 quid
2053 1502 2107 1549 in

361 1566 529 1616 futura
553 1561 762 1628 possint?
799 1565 849 1612 ὃς
876 1576 1047 1610 tamen
1068 1564 1218 1611 Bruta
1231 1563 1451 1623 praefizgire
1467 1562 1650 1621 futura,
1674 1566 1868 1612 revelare
1898 1565 2109 1622 abscondi·
2170 1565 2171 1614 ἲ

114 1613 172 1664 L·
196 1618 220 1668 5
226 1643 240 1658 ·
363 1643 436 1680 ta,
484 1629 680 1673 divinare
713 1627 874 1672 occulta
901 1621 971 1674 est
1000 1627 1052 1674 in
1081 1624 1327 1674 confeffo.
1425 1627 1629 1690 Percipe
1652 1628 1996 1678 Mantuanum
2018 1627 2109 1676 Ba·
2168 1654 2171 1686 .÷

117 1666 318 1749 Alphms:
363 1688 561 1760 pristam
576 1722 590 1746 ‚
616 1689 678 1738 de
706 1691 974 1753 pennigera
995 1702 1144 1752 gente
1168 1688 1233 1738 sic
1255 1701 1547 1738 canentem:

118 1738 241 1796 Vlrg·
257 1747 301 1780 2·
652 1753 784 1806 Astra
807 1756 963 1803 etiam,
981 1751 1238 1816 pluvidsque
1259 1754 1431 1804 docent,
1461 1755 1517 1801 (θ’
1535 1764 1653 1799 certa
1679 1754 1844 1801 dierum

117 1800 308 1879 ξ’ῙῙάΥΟν·
652 1815 887 1876 Tempora,
909 1817 966 1862 (9⁹
988 1832 1191 1861 annorum
1205 1835 1218 1861 .-
1245 1815 1307 1875 fic
1327 1816 1411 1862 Ver
1431 1816 1632 1876 cognoscit
1653 1819 1880 1864 Hir-undo:
2167 1840 2169 1868 2

115 1861 328 1977 ἓῖξξζῖἰῇ·
369 1884 577 1943 Alcyones
602 1881 807 1940 hyemem.
877 1877 1105 1934 Ejusdem
1128 1881 1352 1928 Mantuae
1373 1879 1651 1928 laureatum
1671 1882 1843 1929 Decus
1863 1879 1927 1929 fic
1945 1878 2007 1929 de
2027 1879 2109 1930 Ci-
2166 1893 2169 1942 j

120 1993 155 2042 ²·
175 2002 248 2035 ¹0·
363 2022 518 2060 ventu
548 2009 634 2057 suo
657 2040 670 2060 ,
699 2010 750 2057 <Sc
781 2003 917 2054 abitu
939 2037 954 2058 ‚
989 2007 1243 2068 utriusque
1284 2006 1563 2067 aequinofflj
1608 2017 1839 2072 tempora
1868 2007 2105 2056 indicant.

120 2065 250 2109 c·29·
368 2071 604 2122 Authore
637 2071 799 2120 Plinio
831 2068 1112 2117 Philomela
1155 2084 1273 2117 cum
1303 2066 1472 2118 aestivo
1505 2065 1710 2119 solstitio
1740 2071 1973 2120 colorem
2000 2085 2111 2125 mu,

123 2111 339 2168 L·8·⁶·28
370 2147 466 2187 tat,
484 2136 532 2183 ὃς
555 2149 758 2183 vocem.
858 2133 1059 2180 Eodem
1080 2128 1200 2180 teste
1223 2133 1524 2182 Hirundines
1539 2165 1553 2187 ‚
1575 2132 1786 2183 demisso
1812 2134 2012 2184 volatu,
2033 2133 2107 2177 iss-
2163 2156 2166 2176 ÷

125 2182 184 2231 L·
202 2189 277 2224 ¹0·
371 2198 537 2247 dicant
569 2196 778 2260 pluvias:
814 2196 1054 2244 Formicae
1076 2228 1090 2250 ‚
1112 2194 1237 2244 dum
1257 2194 1348 2244 suis
1374 2196 1483 2245 sese
1513 2197 1788 2246 cavernulis
1817 2198 2104 2248 continent,
2163 2204 2165 2261 j

128 2253 259 2299 ⁶·23·
371 2258 657 2326 praesagiunt
685 2255 1028 2321 tempestates:
1067 2274 1236 2307 mures
1271 2261 1468 2309 ruinam
1498 2257 1682 2310 domus
1717 2259 2069 2325 praesentientes
2091 2288 2108 2311 ,
2162 2277 2165 2299 ι

128 2307 234 2367 ‹73²⁹-
249 2318 285 2349 ⁶·
301 2300 346 2350 8·
374 2318 664 2386 tempestive
683 2322 733 2368 in
761 2323 908 2369 aliam
927 2323 1140 2385 migrant
1175 2339 1187 2370 :
1256 2321 1372 2371 hinc
1393 2321 1462 2371 est
1481 2323 1624 2387 quod
1645 2322 1876 2372 Hirundo
1898 2333 2109 2381 quoque

130 2381 239 2428 v-7·
374 2387 624 2436 Thebarum
648 2383 760 2429 testa
769 2382 910 2439 subire
933 2398 1080 2444 negat,
1104 2396 1280 2449 utpote
1307 2385 1471 2451 saepius
1499 2400 1666 2451 capta,
1697 2386 1757 2433 ab
1779 2377 2000 2431 hostibus
2031 2382 2109 2431 sae-
2160 2402 2162 2406 ¹

376 2466 438 2515 pe
459 2444 655 2499 vastata.
756 2446 854 2495 Sed
878 2447 998 2507 quid
1032 2447 1060 2497 a
1085 2447 1307 2512 profanis
1335 2451 1665 2516 Scriptoribus
1685 2443 1965 2494 testimonia
1990 2449 2111 2496 veri·
2159 2462 2162 2486 f

375 2515 461 2565 tati
483 2509 761 2575 conquiro?
809 2508 945 2562 dedit
974 2512 1120 2562 omni
1149 2514 1443 2580 exceptione
1464 2513 1620 2572 majus
1640 2510 1669 2568 J
1674 2508 2022 2581 eremias‚dum
2041 2509 2111 2561 di-

1952 2583 2043 2623 xit:

366 1948 514 1996 conia
559 1963 569 1991 ε
702 1945 801 1990 Cum
825 1941 933 1988 Vere
957 1941 1129 1988 rubenti
1153 1943 1327 1988 candida
1349 1946 1472 1988 venit
1493 1947 1602 1990 avis.
1703 1944 2005 1993 Coturnices
2026 1942 2109 1991 ad-
2166 1966 2167 1975 ¹
