2242 2911
644 132 916 192 Maufialaeum
950 133 1312 197 Peripateticum:
1751 156 1772 188 1
1786 156 1804 189 1

271 220 468 280 LEUC:
502 218 692 276 Frustra
709 225 942 276 aculeum
962 225 1085 292 figis,
1107 228 1191 278 ubi
1209 225 1457 279 obdue’tus
1483 226 1679 296 pridem
1697 230 1766 282 est
1784 235 1879 283 cal-

112 292 188 343 lus
201 284 223 340 :x
232 305 442 342 veterno
458 288 779 338 iffloriuntur.
846 291 1002 337 MEL.
1038 290 1122 339 sed
1140 306 1308 354 neque
1327 292 1511 342 feriunt
1528 296 1725 360 spicula,
1746 313 1877 359 quos

116 372 227 406 non
247 367 330 402 tan
367 364 480 403 unt,
507 353 578 400 tui
601 349 781 399 similes
811 364 967 417 puto,
988 368 1118 416 quos
1147 352 1280 403 extra
1309 355 1393 403 teli
1430 356 1614 411 jaetum
1645 357 1879 409 industria

114 419 299 483 posuit:
380 418 461 463 inc
489 415 643 463 telam
659 447 671 468 ,
694 429 854 477 quam
872 418 991 464 texit
1011 417 1182 472 Plato,
1206 418 1570 482 prosequimur.
1668 419 1883 485 Peregre

114 481 202 528 ubi
230 483 280 527 in
306 479 520 527 Patriam
546 474 614 525 est
640 477 885 533 reversuS,
913 495 1037 528 mox
1064 480 1255 529 scholas
1277 482 1329 529 in
1353 482 1633 532 Academia
1662 489 1878 549 aperuit:

114 543 257 592 locus
287 541 325 589 is
359 553 461 590 erat
485 576 497 592 ‚
528 540 666 589 mille
697 538 854 606 pass'us
889 541 1106 591 Athenis
1132 542 1318 593 distitus
1337 576 1351 598 ,
1379 544 1622 595 arborum
1644 563 1880 597 amoenus

114 602 322 659 umbra,
342 606 392 654 ὃς
425 600 589 662 studiis
621 606 809 653 amicus
830 637 844 659 ,
875 605 973 669 ipsa
1001 606 1268 655 solitudine
1298 605 1326 656 a
1353 609 1479 656 euris
1508 612 1736 659 animuin
1760 627 1881 660 avo-

112 680 274 716 cante.
326 667 683 716 Suburbanum
704 666 808 716 hoc
840 668 1173 719 nemorosum
1201 671 1270 719 ita
1298 670 1458 719 coluit
1486 684 1636 735 atque
1664 675 1883 722 excoluit

113 730 289 785 heros,
310 730 620 779 Academius
642 733 880 784 nomine,
903 735 953 781 ὃς
987 732 1105 781 hinc
1136 746 1349 796 etymon
1372 734 1663 784 Academiae
1687 737 1748 785 ab
1773 739 1884 786 Au-

113 793 278 847 thore,
301 793 326 842 a
345 794 467 845 loco
489 807 658 842 autem
678 806 793 842 nata
817 791 885 842 est
904 795 1045 844 Setia
1068 796 1398 845 Academica.
1469 799 1722 847 Caeterum
1743 800 1887 862 quid-

115 857 238 919 quid
261 857 422 913 eximij
453 858 503 904 in
528 857 837 920 Sapientibus
868 859 1069 907 Graeciae
1093 859 1442 909 observaverat
1470 862 1642 916 Plato,
1665 865 1716 911 in
1746 865 1886 912 suam

114 919 171 968 id
190 920 405 969 contulit
435 919 837 984 Philosophiam,
864 923 918 970 in
955 921 1124 971 ethicis
1152 924 1414 972 Socratem
1431 957 1443 978 ,
1465 923 1806 990 Pythagoram
1835 928 1888 974 ia

114 983 340 1047 logicis,
361 985 412 1031 in
436 982 647 1047 Physicis
668 985 979 1034 Heraclitum
998 985 1230 1049 sequutus
1246 1019 1259 1040 ,
1294 985 1423 1035 flore
1454 1003 1511 1036 ex
1536 989 1774 1037 omnibus
1791 1022 1804 1042 ,
1825 988 1889 1037 ad

114 1042 263 1096 instar
283 1045 509 1111 apiculae,
530 1046 751 1095 delibato
771 1065 780 1095 :
831 1047 896 1097 fic
920 1048 1099 1104 docet,
1120 1045 1394 1113 miscetque
1425 1051 1702 1099 Sententias
1718 1085 1731 1105 ,
1755 1064 1810 1100 ut
1837 1053 1889 1101 in

115 1124 271 1172 quam
293 1109 389 1173 ipse
412 1122 606 1174 partem
631 1110 820 1164 flestat,
841 1113 1067 1175 ignores:
1120 1113 1239 1161 hinc
1260 1113 1635 1163 Academicum
1666 1115 1858 1179 dogma
1874 1149 1889 1169 ‚

116 1174 179 1221 de
214 1172 453 1221 omnibus
479 1172 848 1227 dubitantium,
869 1175 1005 1222 nulla
1043 1178 1149 1225 veri
1185 1177 1506 1230 certitudine,
1532 1190 1621 1225 aut
1655 1176 1888 1226 Scie-ntia.

114 1234 233 1285 Imo
256 1248 404 1284 tantae
427 1238 479 1285 in
497 1236 745 1300 Sapientia
764 1249 903 1285 tanta
936 1235 961 1293 <
977 1237 1123 1300 quod
1144 1239 1334 1286 mireris
1354 1237 1377 1294 )
1412 1237 1670 1288 modestiae
1693 1241 1811 1294 fuit,
1836 1253 1892 1289 ut

118 1298 362 1362 discipulis
386 1298 598 1351 diceret,
618 1297 756 1346 suam
781 1299 844 1346 de
872 1300 1136 1348 virtutibus
1171 1301 1456 1349 doetrinam
1484 1314 1740 1357 tenerent,
1765 1303 1892 1352 dum

115 1362 329 1412 sanffior
359 1360 406 1408 se
435 1358 716 1414 obtulisset,
747 1373 869 1408 tune
903 1363 1040 1409 enim
1067 1362 1267 1410 Platoni
1294 1365 1566 1412 veritatem*
1585 1365 1889 1429 praeferrent.

115 1427 179 1475 Et
197 1420 322 1475 vero
341 1425 550 1473 virtu-tes
571 1420 702 1472 adeo
724 1423 900 1477 coluit,
918 1436 974 1471 ut
991 1426 1144 1472 etiam
1166 1426 1217 1472 in
1238 1425 1339 1482 alijs
1361 1425 1642 1475 adamaret:
1677 1428 1796 1477 hinc
1816 1429 1891 1479 A-

117 1488 280 1537 thenis
303 1502 481 1551 parum
508 1485 772 1551 proficiens
796 1487 1044 1542 Siciliam,
1075 1488 1269 1536 Italiam
1306 1485 1473 1553 petiit,
1505 1506 1562 1538 ac
1586 1490 1891 1556 AEgyptum,

118 1549 404 1601 imbuendis
440 1561 730 1598 exterorum
760 1549 992 1599 moribus
1013 1584 1026 1605 ,
1065 1551 1336 1600 meliorem
1364 1568 1579 1617 operam
1616 1554 1891 1604 locaturus.

118 1614 208 1665 Ad
226 1612 534 1677 Dionysium
564 1625 836 1679 tyrannum
862 1612 982 1662 cum
1005 1615 1115 1664 Vela
1146 1614 1360 1669 faceret,
1382 1629 1612 1680 rogatus,
1643 1616 1750 1680 quo
1783 1634 1887 1668 cur.

119 1677 257 1729 sum?
291 1679 336 1722 in
356 1676 570 1730 Siciliam,
591 1676 866 1739 inquiebat,
892 1678 1003 1723 male
1019 1694 1073 1724 ex
1093 1680 1239 1738 Capite
1261 1677 1552 1726 laborantem:
1589 1679 1894 1745 tantumque
1929 1689 2057 1737 Plin:

120 1737 273 1794 abest,
298 1750 353 1789 ut
371 1740 504 1803 tigris
524 1737 609 1788 ista
630 1739 826 1789 furores
846 1740 1018 1789 solitos
1038 1740 1242 1796 fureret,
1262 1754 1317 1790 ut
1340 1743 1492 1791 etiam
1510 1746 1723 1790 vittatam
1743 1748 1901 1792 navim-

121 1805 284 1863 mzfi‘rit
323 1802 519 1854 obvicim,
553 1805 610 1851 Θ
648 1805 729 1863 ipsse
767 1805 982 1866 quadrigis
1020 1803 1126 1851 albas
1162 1808 1376 1865 exceperit
1412 1807 1562 1853 littore
1593 1809 1891 1867 egredientem.

122 1865 262 1918 Into,
286 1866 428 1931 quod
449 1865 535 1914 nili
554 1865 781 1915 vidifi’ent
799 1867 1060 1931 Syracusae,
1085 1882 1196 1916 non
1217 1869 1502 1922 crederent3
1522 1871 1791 1919 Platonem
1813 1888 1898 1921 au-

121 1947 214 1980 reo
235 1930 438 1979 vectum
458 1928 651 1984 essedo,
672 1929 943 1994 Dionysius
964 1931 1170 1994 ipsemet
1191 1933 1375 1996 auriga,
1399 1935 1449 1981 in
1474 1934 1653 1982 urbem
1684 1935 1892 1984 induxit.

123 1994 362 2056 Denique
384 2007 447 2040 an
470 1994 623 2043 virtus
640 2004 781 2042 tanta
795 2026 809 2047 ,
832 2009 895 2042 an
923 1995 1105 2043 virtute
1135 1997 1431 2059 neutiquam
1452 1998 1625 2046 minor
1653 1998 1867 2047 Scientia
1881 2031 1896 2053 ,

122 2058 395 2107 Platonem
417 2055 687 2104 reddiderit
708 2056 1068 2112 celebriorem,
1102 2059 1157 2106 lis
1182 2054 1276 2112 est,
1303 2073 1416 2120 quae
1442 2059 1639 2109 dudum
1671 2061 1896 2126 fatigavit

124 2119 399 2170 Dostores.
500 2118 714 2182 Ipsemet
744 2120 1031 2169 Doctorum
1077 2121 1277 2170 Phaenix
1305 2118 1643 2186 Augustinus,
1678 2125 1896 2175 lectione

123 2184 347 2233 Platonis
368 2179 431 2229 ad
453 2183 693 2231 virtutem
714 2181 761 2230 se
781 2183 1157 2232 inflammatum
1182 2181 1398 2234 testatur.
1500 2187 1635 2236 Cato
1659 2188 1721 2237 de
1738 2189 1895 2238 iri'ior-

127 2248 315 2296 talitate
345 2247 523 2293 animae
545 2244 813 2293 Platonem
843 2246 1040 2310 legens,
1060 2248 1370 2312 praesentium
1395 2249 1546 2298 taedio
1571 2283 1585 2305 ,
1620 2254 1669 2301 ὅ(
1700 2252 1895 2300 futuro-

128 2326 244 2358 rum
269 2323 471 2362 amore,
497 2309 773 2372 pugion-em
793 2310 845 2357 in
868 2310 1036 2375 peetus
1059 2310 1243 2365 merfit,
1263 2322 1398 2360 tanta
1426 2313 1553 2362 illius
1579 2315 1779 2363 calamo
1803 2315 1897 2362 fuit

127 2372 379 2421 facundia.
449 2373 662 2420 Numen
683 2373 890 2421 unicum
910 2374 1136 2428 credidit,
1159 2372 1269 2424 imo
1294 2378 1343 2425 δε
1365 2376 1463 2440 ipse
1485 2377 1701 2426 creditur
1719 2380 1770 2425 in
1787 2393 1896 2441 my-

130 2432 333 2484 sterium
354 2435 437 2484 SS.
471 2434 684 2484 Triados
707 2433 978 2500 penetraffe
993 2470 1007 2492 ,
1029 2436 1128 2488 [ive
1149 2434 1293 2487 hune*
1307 2438 1371 2487 ab
1390 2441 1602 2505 Ingenio
1618 2473 1631 2494 ‚
1654 2439 1752 2490 five
1780 2438 1808 2488 a
1833 2442 1898 2489 la-

134 2501 226 2547 cris
250 2499 437 2563 paginis
465 2500 712 2562 acceperit
731 2498 955 2549 radium:
1006 2496 1141 2551 certe
1162 2502 1224 2550 de
1248 2501 1427 2552 divinis
1456 2499 1623 2553 divine
1642 2500 1771 2552 adeo
1794 2502 1896 2552 sen-

134 2561 207 2624 fit,
220 2555 521 2629 scripsitque,
536 2575 591 2613 ut
608 2560 1011 2684 antonomastissca
1025 2563 1188 2629 phrafi
1207 2565 1453 2620 diceretur
1470 2567 1699 2622 Divinus,
1768 2565 1898 2683 (ἔχων)

761 2639 776 2653 ’“
1009 2641 1038 2679 2«
1694 2642 1785 2685 Gau·
1805 2642 1833 2683 ’ἢ

1931 2131 1963 2178 l.

1933 2195 1982 2242 Co

1991 2140 2100 2253 sess,
