2242 2911
467 89 499 137 ς
939 76 1211 154 Masfflaeum'
1229 95 1583 159 Peripateticum.

538 177 735 235 LEUC:
803 184 1159 251 Emphaticum
1181 187 1280 254 agis
1300 185 1674 239 encomiasten:
1724 186 1807 238 sed
1829 203 1946 239 nem
1987 204 2013 239 e
2047 191 2169 243 indi-

408 259 491 311 get
506 246 850 321 Rhilosophias
885 264 1004 298 nam
1026 253 1153 300 inter
1165 250 1368 316 Sophos
1387 267 1496 300 non
1515 267 1697 301 omnes
1716 251 1950 318 Philosop
1967 256 2031 310 11,
2054 271 2171 319 prae-

408 313 551 375 cipue
578 310 611 359 li
635 323 981 362 contemnant.
1050 315 1166 378 Age
1189 314 1519 380 Philosophiae
1554 315 1738 364 natales
1763 315 1988 366 cdiffere:
2046 333 2169 366 con-

407 374 591 423 ciliabit
614 374 818 424 forsitan
839 378 1030 425 amicos
1051 375 1231 426 illustre
1246 378 1486 427 Stemma.
1554 379 1710 425 MEL:
1745 379 1870 428 mihi
1889 380 2168 432 crede‚fuli-

407 437 600 501 ginosas
622 438 907 488 admodum
929 455 1061 488 ceras
1089 455 1342 489 numerat:
1380 456 1499 490 nam
1524 440 1609 504 ipsi
1634 442 1834 491 mundo
1857 446 2167 497 coaevam,&

407 498 730 574 Protoplasto
743 502 770 551 a
786 505 1014 552 Numine
1037 503 1264 558 infusam,
1279 504 1379 552 line
1398 507 1520 553 vitio
1539 504 1945 554 haereditaverant
1963 503 2162 571 posteri.

407 564 566 613 Subin
584 581 614 613 e
636 566 936 629 cataclysmo
961 566 1166 615 feliciter
1193 580 1496 621 enatantem,
1512 565 1761 631 suscepere
1786 571 1928 616 variae
1996 582 2130 617 entes
2150 604 2163 620 ‚

407 628 600 676 Graecia
621 624 890 693 praee-ipue,
920 644 1028 692 quae
1051 632 1103 678 in
1123 630 1406 684 Athenaeis,
1431 630 1564 693 quali
1600 630 1867 679 domicilio
1896 628 1965 679 sta
2003 633 2052 680 ili
2083 632 2170 680 diu

407 691 625 745 cultam,
651 692 714 740 ad
736 689 906 741 nostra
925 694 1096 741 saecula
1115 693 1181 743 sic
1199 693 1486 748 transmisit,
1513 706 1566 742 ut
1596 694 1733 743 illam
1767 694 2024 758 Sapientiae
2058 710 2168 742 non

407 765 514 802 tam
533 756 798 806 nutricem,
822 754 977 818 quam
999 758 1295 820 genitricem
1314 769 1579 806 veneretur
1597 753 1876 806 Posteritas.
1945 755 2169 805 Philoso-

406 816 533 881 phiae
561 818 777 867 cultores
803 818 946 882 quod
965 822 1162 873 attinet,
1199 819 1227 869 ὲ
1255 820 1395 876 variis
1424 821 1582 874 varia,
1615 818 1670 868 ut
1701 815 1805 868 fere
1835 820 1960 868 solet
1981 853 1993 873 ,
2015 819 2169 868 sortiti

404 882 515 930 sunt
535 883 772 930 nomina:
840 881 1076 948 AEgyptiis
1097 883 1210 932 dicti
1228 883 1338 932 sunt
1362 884 1626 934 Sacerdotes,
1649 882 1935 946 Babyloniis
1961 883 2136 930 Chaldaei
2148 900 2161 927 :

405 943 557 994 Persae
591 947 980 995 nominaverant
1007 948 1160 1006 Magos
1184 980 1196 999 ,
1233 946 1345 995 Indi
1372 945 1753 1007 Gymnofhphz'stffi:
1801 947 1960 994 Graeci
1989 947 2166 1006 Sophos,

405 1007 535 1057 Galli
560 1010 751 1054 Druidas
782 1006 1113 1073 appellarunt:
1167 1011 1430 1058 Germanis
1460 1008 1746 1057 hodiedum
1775 1007 2000 1067 Magistri,
2039 1010 2169 1057 Italis

401 1071 602 1118 Doft'orbs
632 1072 789 1120 titulo
809 1071 1166 1136 insigniuntur:
1213 1068 1618 1121 antonomastice
1642 1084 1816 1120 tamen
1844 1072 2083 1130 Philosophi
2114 1083 2169 1120 ut

399 1128 687 1183 vocitentur
708 1150 825 1182 mos
855 1134 1051 1182 dudum
1072 1135 1308 1186 invaluit,
1337 1135 1473 1190 cujus
1502 1136 1722 1181 nominis
1753 1146 1969 1196 etymon
1993 1133 2173 1197 Pytha-

401 1211 536 1260 gorae
554 1196 728 1244 Samio
743 1227 756 1248 ,
778 1195 915 1243 suam
938 1195 1088 1244 debet
1109 1197 1374 1259 originem.
1445 1198 1585 1245 Nam
1610 1194 1637 1244 a
1660 1198 1909 1250 Leontio,
1936 1196 2170 1246 Phliafio-

400 1275 516 1308 rum
542 1260 710 1322 Rege,
733 1259 1100 1322 interrogatus,
1129 1261 1237 1321 quis
1266 1257 1407 1306 esset?
1451 1274 1562 1306 non
1597 1260 1802 1318 Sopolim,
1837 1259 1983 1321 quod
2011 1258 2171 1309 fuiss'et

400 1320 655 1380 jadantius
669 1353 682 1375 ,
704 1320 786 1370 sed
804 1320 1196 1385 Philosophum,
1219 1324 1268 1370 ὅ(
1289 1322 1545 1385 Sapientiae
1563 1320 1900 1370 solummodo
1927 1324 2168 1378 amicum,

400 1385 448 1434 se
471 1385 616 1438 dixit,
640 1383 785 1446 quod
806 1395 909 1432 erat
931 1381 1233 1432 modestius:
1271 1396 1326 1432 ut
1361 1380 1507 1448 plane
1537 1384 1702 1432 videas
1720 1417 1732 1438 ,
1755 1384 1915 1449 ipsum
1945 1385 2170 1434 Philoso-

400 1447 486 1514 phi
507 1462 702 1496 nomen
717 1481 730 1501 ,
753 1446 782 1496 a
802 1449 985 1496 virtute
1008 1459 1341 1511 prognatum,
1367 1460 1415 1494 te
1445 1447 1724 1511 admonere
1754 1463 1862 1495 non
1885 1460 1988 1496 tam
2021 1448 2170 1497 scien-

399 1514 504 1565 tiae,
530 1509 685 1573 quam
702 1512 907 1559 virtutis.
977 1510 1076 1558 Sed
1095 1508 1168 1558 uti
1190 1508 1239 1557 in
1266 1512 1478 1558 nomine
1500 1511 1612 1566 varii
1630 1544 1641 1563 ,
1667 1512 1731 1558 ita
1751 1513 1802 1558 in
1824 1510 2042 1559 docendi
2067 1527 2173 1560 me-

399 1573 595 1628 thodo,
618 1588 827 1636 quoque
859 1585 998 1621 erant
1031 1572 1220 1622 diversi.
1292 1572 1598 1637 Pythagoras
1634 1572 1829 1622 eortina
1855 1574 2009 1623 taetus
2032 1607 2044 1626 ‚
2078 1575 2171 1623 do-

396 1638 575 1687 &iores
598 1635 861 1700 discipulos
883 1638 1035 1690 intra,
1057 1637 1278 1698 reliquos
1304 1649 1436 1684 extra
1462 1637 1661 1692 Sacrarij
1689 1638 1922 1685 velamen
1956 1634 2172 1685 institue-

399 1701 507 1754 bat,
528 1700 588 1748 ab
609 1699 683 1748 his
705 1697 983 1750 soluihodo
1007 1699 1201 1748 auditus
1217 1733 1228 1753 ,
1250 1698 1311 1748 ab
1330 1700 1421 1747 illis
1443 1701 1593 1747 etiam
1620 1699 1759 1748 visus.
1829 1699 2170 1749 Menedemus

399 1767 450 1814 δε
475 1761 694 1812 sedendo
718 1764 769 1814 δε
796 1759 1001 1817 stando,
1022 1763 1249 1828 Stagirita
1277 1762 1452 1811 docuit
1473 1763 1809 1810 ambulando:
1864 1762 2171 1828 Chrysippus

398 1826 484 1877 sub
506 1826 609 1880 dio,
631 1824 717 1875 sub
737 1827 860 1874 Stoa
879 1829 1024 1875 Zeno
1046 1825 1235 1874 scholas
1262 1828 1476 1888 aperuit:
1514 1821 1800 1874 Antistenes
1816 1826 2167 1889 Gymnasium,

397 1889 542 1953 quod
562 1888 914 1953 Cynosargen,
951 1885 1246 1938 Aristoteles
1277 1889 1509 1952 Lyceum
1544 1889 1778 1952 elegerat:
1817 1890 2015 1937 Platoni
2049 1904 2167 1953 prae-

397 1954 581 2019 placuit
599 1952 881 2002 Academia
895 1986 908 2005 ,
929 1954 1045 2014 quia
1065 1953 1208 2000 locus
1235 1952 1448 2000 Athenis
1470 1954 1748 2000 remotior:
1795 1968 1906 1999 non
1928 1954 2064 2000 enim
2085 1954 2167 2000 Sa-

393 2018 534 2084 piens
556 2018 683 2064 inter
701 2015 961 2064 tumultus.
1030 2013 1284 2064 Caeteriim
1299 2047 1311 2067 ,
1338 2017 1454 2076 quia
1473 2030 1578 2062 rara
1600 2017 1928 2078 ingeniorum
1945 2030 2163 2063 concor-

400 2079 508 2132 dia,
537 2080 590 2127 111
620 2080 776 2128 varias
805 2075 970 2126 abiere
998 2078 1161 2127 Sectas
1196 2077 1510 2141 PhilolOphi:
1557 2090 1650 2124 tres
1682 2093 1879 2126 nomen
1917 2077 2160 2126 celebrius

395 2137 602 2208 posteris
624 2138 890 2204 reliquere:
943 2142 1100 2190 Stoici
1126 2141 1330 2194 scilicet,
1367 2142 1452 2202 qui
1478 2144 1747 2189 Zenonem
1774 2140 1827 2188 ut
1853 2140 2163 2204 Principem,

392 2203 717 2258 Academici,
754 2206 839 2266 qui
865 2203 1506 2268 Platonemffleripatetici,
1535 2205 1621 2265 qui
1642 2199 1970 2252 Aristotelem
1990 2202 2167 2252 adora-

394 2267 531 2317 bant.
632 2268 699 2316 Hi
724 2281 905 2315 omnes
925 2282 1043 2315 cum
1065 2267 1154 2315 suis
1185 2265 1392 2318 asseclis,
1424 2265 1507 2314 ubi
1528 2268 1644 2316 solis
1666 2266 1889 2315 Scientiae
1922 2264 2163 2314 frustibus

397 2329 588 2382 avidius
612 2327 891 2383 inhiarunt,
917 2331 1051 2379 inani
1070 2343 1225 2380 vento
1250 2345 1359 2378 non
1378 2342 1483 2377 tam
1504 2325 1624 2393 pasti
1645 2328 1778 2378 sunt,
1806 2326 1960 2390 quam
1979 2328 2161 2376 infiati.-

214 2377 269 2422 ’ἆ
283 2375 369 2422 Ro·
399 2409 498 2442 nam
515 2395 696 2440 dicentes
708 2392 753 2450 se
764 2392 974 2453 fizpientes
992 2394 1124 2439 Stulti
1146 2391 1258 2451 fac‘ii
1267 2392 1394 2448 fimt:
1441 2407 1622 2441 omnes
1636 2423 1648 2445 ,
1674 2390 1799 2439 dum
1820 2390 1882 2438 ad
1905 2391 2166 2453 Sapientiae

205 2453 328 2488 man·
345 2449 365 2484 ¹
399 2457 628 2510 culmen,
649 2455 823 2505 relicto
848 2457 1038 2514 virtutis
1062 2457 1285 2508 tramite,
1311 2455 1420 2503 sunt
1447 2454 1586 2505 enin,
1617 2449 1888 2502 evanuere.-
1927 2468 2047 2502 nam
2079 2469 2169 2503 co-

400 2519 693 2587 gnoscentes
713 2518 944 2574 DEUM,
970 2516 1061 2569 n'ec
1090 2517 1213 2571 ficut
1240 2519 1444 2580 DEUM
1473 2515 1832 2585 glorificantes,
1865 2515 2051 2628 traicll1itid
2055 2516 2167 2626 gunt
