2175 2911
716 115 911 165 Ariadne
931 115 1120 177 Physica.
1642 111 1738 168 165

54 215 337 283 guentibuS.
418 209 518 264 Sed
548 210 598 263 &
628 207 797 260 Insulae
820 208 1060 258 Malclivae
1092 209 1274 260 Palmae
1305 223 1462 274 genus
1500 203 1798 260 ostendunt,
1826 213 1956 279 Maff,

56 297 163 343 quo
185 281 337 331 veluti
359 274 725 340 compendioso
744 274 947 324 Naturae
966 276 1182 324 armario
1203 275 1496 339 gloriantur.
1563 274 1702 322 Nam
1723 283 1799 316 ex·
1827 285 1918 340 hist,
1943 280 2039 332 Ina,

56 347 212 394 terior
231 355 402 393 cortex
421 335 663 388 ministrat
682 338 868 387 linum:
889 337 1095 385 interior
1112 338 1162 385 in
1180 337 1638 403 poculafiguratur.
1706 333 1805 381 Ra·
1828 352 1861 399 ι.
1875 362 1923 409 7,

55 422 229 457 cemus
258 407 432 455 leviter
463 401 639 452 incisus
668 399 1000 451 Ambrosiam
1032 396 1175 449 stillat
1213 402 1540 451 invidendam
1577 398 1801 462 Superis:

58 471 228 520 succus
248 469 391 535 pomi
413 465 515 515 abit
541 469 594 515 in
620 466 824 519 oleum,
845 459 1181 527 coquiturque
1211 467 1263 513 in
1283 466 1385 515 mel
1413 467 1461 515 ὅ(
1486 462 1801 513 saccharum:

56 535 153 599 ipse
185 533 369 584 fruc'rus
400 530 587 578 fercula
613 526 871 582 ministrat,
890 528 1063 593 sapore
1089 526 1391 581 suaviffima,
1414 529 1538 578 folia
1566 535 1803 575 contexta

59 600 180 647 dant
202 594 575 648 vestimentum,
591 593 803 644 serviunt
821 607 914 656 pro
933 606 1148 656 papyro:
1170 590 1278 641 imo
1301 593 1440 654 quod
1456 593 1662 642 mireris,
1677 587 1808 636 usur-

57 673 241 726 pantur
263 677 354 725 pro
377 658 562 706 :edium
577 657 769 720 tegulis,
785 658 849 705 eo
872 654 1015 719 quod
1033 667 1232 703 arceant
1254 658 1456 708 imbres,
1479 659 1526 704 ὃς
1548 646 1810 715 tempesta-

56 738 168 774 tum
193 723 374 779 injurijs
399 717 631 769 resistant.
716 720 816 769 Sed
836 723 885 770 ὃ(
908 719 1012 768 haec
1035 717 1132 783 ipsa
1151 718 1301 767 arbor
1323 720 1501 768 cuneta
1524 718 1720 782 prorsus
1739 715 1810 784 in-

57 785 331 836 strumenta
350 783 559 848 praebct,
580 785 630 830 in
661 797 769 830 rem
788 785 1042 832 nauticam
1069 794 1373 846 opportuna.
1473 784 1739 829 Truncum
1758 791 1811 823 m

57 852 252 899 malum
266 865 280 901 5
300 860 470 895 ramos
497 848 549 893 in
574 843 860 900 affamenta,
888 847 991 896 clav
1002 843 1190 908 osquc3
1223 860 1431 894 comam
1454 847 1505 892 in
1527 844 1663 895 vela,
1683 841 1812 909 calyj-

58 929 172 962 cem
202 923 463 958 externum
494 909 546 955 in
574 908 745 960 fune53
779 924 999 959 coccum
1031 910 1217 974 ipsum,
1241 905 1454 973 quaecjue
1488 921 1544 953 ex
1568 921 1631 953 eo
1654 909 1813 952 conri-

8 996 13 997 ⁷
57 977 282 1027 ciuntur,
301 975 353 1022 in
373 986 528 1020 onera
551 967 816 1027 ministrat,
836 974 927 1024 ita,
953 985 1136 1022 utnon
1163 972 1265 1022 fine
1287 970 1541 1023 Miraculo
1566 967 1815 1031 quodam,

55 1036 298 1086 omnibus
320 1035 467 1083 rebus
487 1050 547 1082 ex
569 1035 724 1082 semet
745 1033 976 1084 instructa
996 1040 1200 1100 naviget
1221 1037 1392 1085 Palma
1408 1068 1421 1089 ,
1442 1029 1727 1094 eademque
1750 1029 1820 1078 di-

0 1150 3 1158 Ι
57 1100 189 1149 scissa
213 1114 300 1163 per
321 1098 562 1161 hyemem
591 1097 654 1146 ad
687 1113 867 1161 prunas
886 1099 1020 1147 lenta
1037 1101 1232 1162 ignium
1254 1100 1490 1148 alimenta
1513 1095 1818 1161 suppeditet:

0 1183 3 1211 ι
57 1161 190 1214 adeo
213 1168 264 1212 in
287 1166 434 1210 unica
461 1160 628 1227 palma
652 1160 962 1210 demonstrat
983 1164 1205 1217 Natura,
1226 1161 1270 1210 se
1295 1163 1462 1227 paucis
1494 1160 1586 1209 esse
1607 1169 1819 1209 conten-

0 1244 5 1280 i
58 1239 182 1276 tam.
252 1225 349 1275 Sed
378 1240 469 1273 nec
490 1223 641 1288 ipsam
662 1224 707 1272 T
711 1227 937 1273 artariam
953 1260 966 1279 ,
989 1224 1017 1273 a
1034 1227 1215 1289 Magiae
1237 1225 1437 1274 theatro
1460 1226 1655 1273 Natura
1682 1222 1819 1285 cupit

0 1289 4 1301 ¹
59 1289 323 1339 exclusaria.
392 1290 531 1337 Nam
550 1288 634 1335 alit
654 1286 881 1341 herbam,
898 1286 925 1336 ὲ
943 1289 1186 1352 lapidibus
1208 1290 1694 1354 progerminaritcm,
1709 1300 1819 1347 quae

57 1355 302 1417 inignem
321 1350 549 1409 comeda
565 1351 802 1397 comburi
821 1354 1018 1414 nequit:
1052 1351 1170 1400 hinc
1190 1368 1246 1400 ex
1272 1354 1354 1400 illa
1378 1350 1667 1416 elychnium
1697 1363 1819 1397 con-

61 1416 238 1466 ficiunt
258 1416 464 1468 incolae,
487 1413 632 1475 quod
651 1414 974 1462 emunctorio
1003 1430 1112 1462 non
1133 1415 1282 1463 habet
1310 1430 1464 1478 opus,
1485 1412 1572 1460 nifi
1603 1411 1815 1474 quodin

3 1536 6 1542 Ι
60 1480 278 1530 fiammis
296 1479 483 1544 praebet
500 1477 777 1526 Vulcanus.
854 1478 956 1526 Sub
982 1479 1138 1526 Paulo
1159 1478 1224 1527 V.
1254 1480 1482 1527 Romam
1511 1476 1718 1523 allatum
1749 1475 1818 1522 fe-
1911 1528 1919 1536 Ι

3 1586 8 1597 ,
61 1556 180 1593 runt
199 1559 256 1591 ex
276 1543 423 1597 lndijs
444 1540 627 1589 florem
662 1540 683 1596 (
705 1541 1047 1590 Granadillam
1068 1541 1372 1596 nominant)
1409 1554 1517 1601 quae
1532 1533 1715 1586 Christi
1738 1552 1818 1601 pa·
1846 1525 2028 1596 Nam-..L
2116 1587 2120 1591 Δ

4 1657 10 1674 Ι
64 1609 229 1655 tientis
248 1605 689 1670 inlignia,Naturae
708 1605 856 1653 solius
875 1605 1080 1670 scalpro,
1094 1607 1146 1654 in
1166 1605 1211 1653 se
1236 1603 1484 1668 expreffit:
1520 1601 1665 1658 hujus
1683 1600 1820 1664 plan·
1852 1602 1925 1648 14·
1952 1585 2045 1640 hlst·

5 1675 8 1706 ἓ
66 1682 126 1718 tae
147 1670 354 1718 floridus
384 1669 523 1730 calyx
547 1679 664 1716 toto
677 1682 814 1716 anno
845 1669 1138 1733 protuberat
1158 1668 1343 1717 frufitus
1359 1701 1372 1722 ,
1391 1668 1606 1732 aperitur
1627 1667 1822 1714 oriente
1846 1667 1937 1702 nat.
1952 1663 2063 1699 ΜΟ

6 1732 11 1794 Ϊ
65 1734 212 1787 Sole,
231 1732 497 1782 occidente
526 1731 788 1780 clauditur.
854 1733 1094 1796 Denique
1106 1733 1293 1782 Pineda
1312 1732 1503 1781 arboris
1523 1731 1696 1779 Sinicae
1719 1742 1820 1777 me-
1844 1754 1896 1799 In
1909 1747 2062 1795 Salem„

8 1850 11 1857 Ι
66 1797 240 1850 minit,
260 1796 399 1853 cujus
427 1793 577 1844 bifida
608 1795 744 1843 radix
769 1794 1000 1860 opposita
1019 1794 1240 1846 omnino
1273 1796 1430 1861 pollet
1454 1798 1662 1844 virtute:
1700 1807 1819 1841 nam
1840 1812 2061 1876 ΡΥΜΙΖΙΞΙ

7 1863 11 1874 “
66 1859 202 1908 fibrae
229 1862 478 1907 orientem
499 1857 768 1923 specstantes
793 1860 1078 1909 antidotum
1102 1860 1323 1925 praebent
1343 1872 1521 1924 contra
1545 1871 1820 1907 venenums
1849 1897 1885 1927 c·
1903 1890 1981 1924 22·

71 1922 341 1987 spectantes
373 1923 712 1975 occidentem,
738 1937 1038 1972 venenatam
1064 1926 1201 1972 luem
1223 1939 1331 1972 non
1357 1923 1525 1972 modo
1549 1922 1713 1974 alunt,
1743 1919 1837 1979 scd>

0 2018 14 2057 Ι
69 1989 121 2037 δε
144 1988 421 2050 aspergunt.
486 1986 660 2034 Aliam
682 1987 917 2035 arborem
945 1985 1181 2036 testantur
1199 1989 1419 2051 Japones
1435 2020 1447 2039 ,
1487 1985 1709 2048 eousque
1733 1983 1827 2031 fer-

68 2053 111 2100 ri
135 2052 352 2098 amicam
368 2082 381 2102 ,
403 2063 459 2097 ut
477 2064 646 2097 ramus
671 2065 727 2098 ex
747 2065 802 2098 ea
826 2050 1017 2098 avulsus
1034 2084 1046 2103 ,
1065 2064 1177 2099 tum
1203 2048 1376 2098 denuo
1407 2050 1768 2113 agglutinetur,
1793 2045 1829 2095 fi

71 2113 219 2162 clavo
247 2112 415 2160 ferreo
436 2111 494 2160 fit
513 2111 700 2162 affixus.
770 2110 886 2162 Imo
913 2112 946 2160 1}
965 2114 1116 2161 arbor
1148 2113 1423 2162 exarescere
1451 2114 1556 2161 fors
1584 2113 1829 2164 videatur,

72 2175 240 2226 scrobs
268 2176 384 2224 ferri
415 2175 632 2232 ejusdem
654 2177 807 2225 radici
839 2173 907 2223 est
939 2177 1291 2231 admovenda,
1321 2190 1375 2226 ut
1410 2173 1616 2240 pristino
1639 2176 1829 2240 vigori,

76 2243 127 2290 &
149 2237 291 2288 statui
314 2236 608 2288 restituatur.
708 2239 840 2289 Illud
871 2241 1086 2293 mirum,
1105 2256 1200 2305 pro
1225 2256 1331 2304 quo
1352 2240 1507 2289 fidem
1532 2242 1829 2305 oppignerat
1857 2218 2066 2270 ‘2¹¹2ssss

58 2304 287 2355 Plinius,
310 2303 435 2351 dum
458 2305 551 2356 ait,
574 2302 873 2352 Alexandro
901 2304 1192 2352 Macedone
1223 2301 1358 2353 forte
1388 2304 1625 2352 arborem
1656 2318 1830 2365 quam-

11 2399 13 2403 ·
77 2367 197 2416 dam
227 2366 583 2428 obequitante,
604 2366 867 2415 attractum
901 2365 1178 2421 contiuuo,
1201 2370 1351 2416 etiam
1386 2368 1711 2417 reluctantem
1733 2366 1826 2413 Bu-

56 2429 367 2495 -cephalum,
388 2429 531 2493 quod
548 2430 742 2483 Fatum,
761 2432 811 2481 <St
831 2431 1109 2494 Sonipedes
1126 2433 1305 2494 reliqui
1325 2432 1577 2484 subibant,
1598 2442 1708 2479 utut
1729 2431 1830 2476 ani-

62 2494 231 2545 rmalia
255 2504 456 2550 caetera,
475 2494 663 2557 absque
680 2494 1052 2560 impedimento
1072 2494 1385 2562 sympathieae
1401 2499 1636 2547 Remorae
1664 2503 1833 2558 praete-

20 2615 22 2621 Ι
60 2561 247 2611 mitent.

22 2632 23 2636 ’
890 2620 940 2675 X
975 2633 1000 2681 3
1568 2620 1766 2674 LEUC:

1843 1390 2055 1441 AtlcuSiw

16 2363 21 2516 l

17 2523 24 2597 l
