2175 2911
413 144 428 175 1
445 140 499 184 52
1017 120 1211 166 Ariadne
1235 117 1418 181 PJ-{l'fiffl-

335 216 546 270 sustulit,
574 219 623 268 ὅ(
648 216 952 265 inventionis
972 212 1171 265 honore
1196 225 1461 264 contentus
1477 244 1489 266 ‚
1509 213 1653 262 illum
1682 213 1878 263 tradidit
1898 215 2085 280 Peripa-

337 297 395 331 to
416 280 806 338 dijudicandum.
878 280 938 327 Et
963 279 1101 338 ecce!
1139 294 1261 326 mox
1276 275 1627 340 Philosophica
1644 278 1830 339 ubique
1852 277 1963 325 fora
1984 293 2087 342 per-

340 343 550 409 strepere
565 377 577 397 ‚
601 344 776 401 judicia
798 342 983 398 judiciis
1002 355 1188 390 certare
1203 374 1216 391 ‚
1241 340 1383 387 nullo
1410 340 1767 389 emolumento
1782 373 1795 394 ‚
1816 340 1902 388 nisi
1923 339 2088 389 forsan

342 408 641 457 raucedinis:
681 423 798 455 nam
821 404 984 454 adhuc
1007 405 1090 453 sub
1121 403 1297 462 Judice
1317 403 1372 449 lis
1396 398 1491 455 cst,
1520 415 1574 451 ut
1603 399 1750 468 plane
1777 403 2089 468 paradoxum

342 471 477 520 hunc
505 471 717 533 lapidem
745 485 851 517 non
874 468 1130 517 immerito
1154 467 1326 514 dixeris
1347 467 1667 529 ingeniorum
1692 480 1882 515 cotem.
1984 467 2093 514 Kir-

341 536 520 583 cherus
555 533 881 598 Philosophia?
913 531 1112 582 curiosa:
1144 530 1533 582 Proto-Parcus⁷
1559 532 1609 580 ἃ.
1633 531 1711 578 vel
1736 527 1852 578 ideo
1920 545 1980 577 rae
2005 545 2092 577 cae-

344 601 456 646 teris
481 611 645 661 gratus
661 631 672 650 ,
695 599 810 660 quia
828 596 933 660 plus
956 597 1138 644 caetcris
1161 593 1379 641 eruditus
1394 625 1406 646 ‚
1427 593 1594 641 multis
1617 594 1825 658 explicat
1843 595 1889 642 T
1929 607 2096 640 avma-

345 672 544 725 turgam
565 661 706 717 hujus
722 661 892 725 lapidis
913 658 1159 707 indolem.
1228 656 1515 705 Prolixioris
1538 653 1777 705 discursus
1796 655 1932 704 dabo
1955 670 2098 704 com-

347 725 589 790 pendium
615 739 707 788 pro
730 723 954 772 discursu.
1033 721 1215 788 Alserit
1242 720 1361 768 Imo
1398 719 1540 775 hujus
1561 719 1733 783 lapidis
1757 721 1988 771 Patriam,
2001 719 2097 767 Re-

348 790 556 852 gionem
579 803 820 838 omnems
847 798 956 834 utut
982 784 1303 833 validissinios
1330 784 1542 846 Europa:
1573 785 1863 847 Magnetes,
1887 784 1936 830 in
1963 783 2099 830 Nor-

349 855 527 915 vvegia
568 851 884 914 progenerari
925 847 979 895 sit
1011 850 1060 895 in
1089 859 1377 910 comperto.
1481 845 1660 894 Asserit
1690 846 1791 894 2do
1825 845 1959 894 hunc
1985 844 2099 908 lapi-

350 914 469 962 dem
486 947 498 967 ,
518 915 629 971 Jani
655 913 889 961 Bistontis
918 911 1203 974 symbolum
1222 943 1233 962 ,
1254 912 1368 971 quia
1391 911 1623 971 qualitate
1653 909 1917 973 praeditum
1947 908 2100 956 bifor-

351 979 449 1030 mi,
472 991 568 1038 qua
600 977 753 1024 veluti
782 972 985 1037 gemina
1013 974 1139 1020 facie
1170 985 1441 1019 contuetur
1463 974 1728 1034 geminum
1756 972 1968 1024 Polum,
1993 970 2102 1018 Au-

351 1036 549 1088 stralem
568 1038 762 1089 scilicet,
776 1041 823 1085 ὃ(
841 1035 1123 1083 Borealem.
1192 1035 1324 1080 Hinc
1344 1033 1377 1079 si
1399 1033 1489 1080 iilo
1509 1034 1650 1079 illum
1671 1032 1944 1096 suspendas,
1967 1035 2102 1093 quie-

352 1114 458 1150 tem
481 1116 588 1148 non
617 1102 801 1162 capiet,
827 1096 980 1156 usque
1006 1096 1130 1140 dum
1150 1095 1422 1146 invenerit,
1441 1096 1491 1140 in
1509 1094 1651 1157 plaga
1680 1093 1766 1141 sibi
1784 1093 2035 1147 benefica,
2058 1109 2104 1141 a-

353 1167 543 1212 micum
571 1162 727 1210 Sidus.
831 1154 1018 1206 Asl'erit
1044 1154 1172 1211 3tio‚
1196 1155 1331 1204 hunc
1360 1156 1577 1219 lapidem
1605 1158 1787 1205 virtute
1814 1154 2105 1222 prodigiosa
2173 1161 2175 1163 ’

354 1227 418 1276 fic
443 1239 585 1287 agere
606 1239 690 1287 per
714 1220 976 1285 sphaeram,
1003 1231 1055 1268 ut
1085 1218 1273 1266 serrum
1297 1219 1533 1273 attrahat,
1558 1220 1635 1267 vel
1657 1219 1741 1267 sibi
1765 1219 1977 1268 similem
1998 1221 2109 1269 Ma-

353 1302 586 1352 gnetem:
624 1286 752 1334 hanc
777 1287 1013 1333 virtutem
1028 1282 1102 1338 alij
1126 1284 1177 1330 in
1195 1283 1446 1345 qualitate,
1461 1285 1511 1331 in
1531 1283 1946 1347 corpusculorum
1971 1281 2108 1331 efflu-

354 1352 441 1407 viis
476 1351 551 1406 alii
585 1346 925 1399 constituunt,
960 1345 1205 1394 idiomate
1240 1361 1333 1409 pro
1371 1345 1567 1395 diversis
1609 1345 1855 1410 principiis
1894 1346 2105 1395 diverso.

354 1416 487 1464 Hinc
512 1412 544 1461 si
568 1415 780 1476 Magnes
810 1411 959 1463 liber,
985 1412 1035 1459 ὃ(
1064 1411 1292 1471 exiguus,
1317 1409 1506 1457 ferrum
1540 1406 1663 1458 vero
1696 1424 1847 1472 grave
1865 1442 1877 1463 ‚
1899 1410 1978 1458 vel
2010 1410 2111 1458 alli-

354 1489 530 1541 gatum
551 1508 564 1529 ,
595 1478 806 1538 Magnes
836 1484 1060 1521 accurret
1089 1472 1152 1519 ad
1187 1471 1401 1520 ferrum:
1439 1471 1598 1526 secus,
1631 1472 1876 1535 obsequio
1906 1485 2110 1528 mutuo,

355 1542 546 1650 ferrgn}
581 1537 838 1650 αάἶἸΟΙαὺὲζ
868 1535 930 1584 ad
960 1537 1254 1599 Magnetem
1279 1567 1293 1590 ‚
1322 1531 1573 1599 gratoque
1602 1534 1883 1600 spectaculo
1912 1537 1966 1586 in
1997 1539 2111 1586 aere

354 1618 454 1670 pen
496 1618 635 1650 unm
696 1616 786 1649 aere
828 1613 877 1646 it.

484 1666 682 1716 LEUC:
752 1665 811 1712 Et
829 1662 955 1715 hoc,
980 1660 1032 1712 ni
1058 1664 1231 1717 fallor,
1262 1663 1384 1713 illud
1408 1665 1499 1713 erit
1529 1664 1835 1714 Miraculum
1852 1697 1865 1718 ‚
1888 1665 2031 1728 quod
2059 1667 2112 1713 in
2173 1686 2175 1716 ;

357 1727 672 1780 Mahometis
700 1725 1007 1792 sarcophago
1027 1761 1040 1782 ,
1081 1730 1259 1777 virtute
1290 1725 1579 1792 Magnetica
1602 1727 1856 1793 suspenso,
1875 1725 2109 1792 obstupe·
2173 1721 2175 1785 ἶ

357 1794 498 1843 scunt
516 1793 770 1841 Lunaticae
788 1791 1004 1840 Nostuae
1023 1824 1037 1845 ‚
1056 1794 1244 1841 Tureas
1266 1793 1512 1844 intellioo,
1528 1795 1612 1853 qui
1630 1792 1733 1841 suas
1752 1789 1815 1839 fic
1835 1791 2111 1868 depereunt
2173 1800 2175 1846 ζ

359 1855 587 1906 tenebras
602 1888 614 1911 ,
638 1867 692 1902 ut
709 1856 859 1902 etiam
882 1855 1163 1903 naturalem
1185 1831 1515 1920 Philosopssiae
1536 1856 1733 1904 Lucem
1762 1857 1957 1919 penitus
1978 1869 2115 1903 aver·
2172 1878 2175 1894 ι

361 1920 541 1969 sentur.
609 1920 764 1965 MEL:
833 1913 990 1966 Reae
1014 1919 1252 1968 advertis:
1289 1917 1397 1967 sunt
1417 1934 1602 1982 nempe
1629 1918 1792 1982 decipi
1813 1917 2116 1981 faciles‚qui-

365 1984 455 2032 bus
484 1983 634 2035 mira,
659 1981 832 2030 fucato
857 1981 1146 2044 splendore,
1181 1982 1404 2033 rutilant,
1434 1982 1571 2030 velut
1591 1980 1854 2031 Miracula.
1955 1983 2113 2031 Caete-

367 2045 507 2098 rum,
534 2046 723 2098 fateor⁷
752 2045 1000 2117 Magnetis
1030 2049 1353 2110 proprietates
1386 2043 1518 2094 adeo
1548 2044 1850 2109 paradoxas,
1873 2058 1929 2094 ut
1961 2048 2129 2094 etiam*

122 2113 177 2158 L.
193 2122 269 2156 21.
290 2109 340 2154 de
369 2105 681 2172 Augustinos
697 2110 747 2156 in
771 2107 1162 2157 admirationem
1183 2106 1367 2157 merito
1395 2112 1653 2157 traxerint:
1691 2111 1782 2172 quia
1801 2112 1938 2160 enim,
1961 2109 2115 2158 excla-

121 2175 343 2230 Civit.c.4
372 2185 502 2225 mat,
527 2175 617 2217 vim
640 2171 759 2224 astam
784 2172 934 2233 lapidis
958 2188 1038 2218 non
1062 2170 1335 2232 obstupescat,
1365 2171 1400 2221 si
1427 2172 1619 2227 videat,
1644 2171 1837 2221 ferrum
1868 2168 1895 2221 ὲ
1919 2173 2114 2235 longin-

372 2250 480 2298 quo
509 2234 808 2298 applicatum
825 2268 838 2288 ,
863 2251 971 2285 non
994 2248 1100 2284 tam
1118 2235 1321 2289 attrahi,
1345 2234 1501 2299 quam
1526 2235 1757 2298 quodam
1775 2236 1967 2301 impetu
1991 2235 2113 2297 rapi,

373 2311 427 2347 ut
452 2299 603 2346 etiam
626 2308 720 2344 tres
744 2296 1059 2348 robustilsimi
1078 2301 1188 2349 Viri
1206 2299 1329 2349 illud
1357 2302 1436 2350 vix
1467 2302 1678 2348 retinere
1694 2335 1705 2350 ,
1726 2295 1836 2348 imo
1859 2296 2007 2346 semel
2034 2312 2115 2360 ag-

125 2366 285 2415 Schott.
374 2361 674 2424 glutinatum
706 2361 855 2407 etiam
884 2362 1159 2412 duodecim
1180 2362 1209 2412 ὲ
1229 2363 1590 2429 perpendiculo
1623 2364 1702 2412 vix
1736 2358 2009 2410 abstrahere
2034 2376 2115 2411 va-

119 2443 168 2492 p.
183 2442 227 2488 4.
241 2428 345 2474 Ma-
373 2425 536 2473 leant?
569 2423 723 2472 talem
750 2424 1046 2485 Magnetem
1082 2428 1204 2476 vidit
1235 2428 1546 2490 Lugdunum
1570 2460 1584 2481 ‚
1619 2429 1840 2490 quinque
1874 2423 2114 2474 librarum

121 2505 241 2554 gnet.
258 2491 288 2537 l.
299 2503 341 2549 3.
371 2487 600 2552 pondere
627 2498 905 2539 armatum,
937 2492 1024 2551 qui
1055 2489 1244 2554 absque
1265 2492 1451 2543 dubio,
1476 2492 1643 2541 virum
1677 2489 1825 2536 etiam
1862 2489 2112 2553 cataplira-
2162 2534 2165 2550 ,›

129 2574 167 2605 c.
187 2570 228 2603 1.
371 2550 514 2603 stum
540 2548 706 2606 ferto,
728 2549 954 2617 rapuisset
979 2555 1031 2603 in
1056 2557 1255 2612 aeream
1282 2555 1490 2612 extafin,
1520 2552 1585 2605 eo
1614 2547 1773 2616 magis
1798 2551 2114 2610 mirabilem.

1941 2613 2047 2680 quo
