2175 2911
338 87 430 148 198
966 79 1109 129 Momz'
1133 72 1341 135 Fenestra‘.

267 189 358 231 ter,
383 173 469 224 nili
481 173 611 225 Huic
632 173 819 224 amoris
843 172 1137 236 deliquium,
1168 176 1242 225 llli
1264 188 1403 224 mors
1427 170 1668 231 violenta,
1683 174 1794 227 vitae
1813 170 2013 226 stamen

270 237 513 288 maturius
537 237 814 303 abrupiffct.

395 301 592 351 LEUC:
670 302 754 350 Sat
784 311 916 365 patet
941 333 953 356 ,
985 302 1282 368 temperiem
1315 299 1447 350 hanc
1473 316 1582 351 non
1622 297 1882 352 immerito
1917 300 2014 350 dici

270 364 333 415 ad
362 364 561 429 pondus
581 397 593 418 ‚
619 366 734 426 quia
764 363 941 412 cuneta
980 366 1031 412 in
1056 363 1309 427 pondere,
1335 367 1384 413 δε
1416 361 1660 413 mensura.
1761 364 1860 414 Sed
1889 379 2015 413 nun-

269 427 393 491 quid
423 443 530 475 rara
560 426 663 476 haec
690 423 759 475 est
783 428 884 475 avis
912 426 1239 475 Paradiliaca?
1315 428 1471 473 MEL:
1539 430 1611 476 Ita
1642 423 1741 475 est:
1776 442 1897 476 nam
1927 423 2017 475 sta·

267 502 428 539 teram
451 492 653 539 Naturae
677 487 852 547 justam
877 489 1101 554 depreffit
1128 488 1345 538 nimium
1391 491 1537 551 primi
1561 491 1750 554 peccati
1782 489 2012 554 pondus,

248 552 356 602 ·nis1
381 553 443 601 ad
465 553 794 615 aequilibrium
815 552 951 600 illam
976 549 1146 601 denuo
1175 553 1361 616 redigat
1385 552 1580 616 infignis
1612 555 1792 600 virtus:
1829 551 1910 600 sed
1930 550 2015 600 hie

267 615 595 669 Rhodus,ubi
619 616 789 664 saltant
805 617 915 663 rari.
961 616 1157 666 LEUC:
1214 615 1376 677 Quod
1406 614 1527 680 ergo
1551 626 2012 678 temperamentum

268 679 565 727 mortalibus
599 677 754 743 magis
777 679 1026 726 comune?
1068 680 1224 725 MEL:
1262 680 1390 728 Non
1415 675 1809 740 existimo‚quod
1833 679 2012 727 Natio-

268 757 391 791 nem
415 739 559 790 facile
578 741 632 791 fit
654 744 881 806 reperire,
907 756 1016 803 quae
1038 757 1145 790 non
1164 739 1394 804 quamvls
1416 743 1467 789 in
1496 740 1540 788 se
1571 740 1806 805 agnoscat
1824 753 2016 805 tempe-

273 807 417 854 riem.
463 805 520 853 ld
541 818 711 853 tamen
727 801 795 852 est
819 806 869 852 in
889 803 1447 867 confesso‚frequentius
1478 818 1634 851 unam
1657 804 1708 850 in
1730 817 1827 852 una
1837 805 2016 854 Natio-

267 884 333 916 ne
359 867 745 930 inveniriquam
768 867 932 915 aliam.
970 868 1298 916 Germaniam
1319 865 1530 915 afferunt
1551 864 1804 913 abundare
1823 879 2015 930 tempe-

269 932 507 979 ramentis
521 930 895 980 melancholico
908 959 928 965 -
938 929 1309 993 languineis,vel
1331 929 1669 992 phlegmatico
1683 957 1700 965 -
1714 927 1984 992 sanguineis
2001 946 2015 981 :¹

270 994 488 1042 Galliam
505 995 776 1057 sanguineo
789 1023 806 1030 -
820 992 1097 1044 cholericis,
1111 993 1194 1039 vel
1217 991 1479 1038 cholerico
1492 1019 1510 1026 -
1520 990 1810 1052 sanguineis.
1847 990 2016 1055 Hispa-

268 1058 342 1104 nis
365 1056 645 1104 adscribunt
675 1053 892 1102 crebrius
924 1055 1224 1115 temperiem
1254 1051 2011 1102 cholerico-melancholicam:

271 1120 401 1167 Italis
423 1113 1169 1165 melancholico·cholericam.
1272 1113 1488 1161 Causam
1511 1111 1653 1166 hujus
1676 1112 1961 1162 diversitatis
1981 1114 2016 1164 fi

266 1194 414 1242 roges
431 1212 444 1231 ,
470 1180 607 1226 illam
631 1191 779 1224 more
810 1175 898 1223 suo
914 1210 925 1225 ‚
950 1171 1215 1238 Astrologi
1242 1176 1295 1222 in
1318 1175 1542 1224 Planetas
1573 1174 1871 1229 refundent,
1891 1179 1941 1226 ὃς
1961 1176 2015 1225 s1-

266 1253 364 1305 gna
389 1238 634 1289 coelestia:
670 1238 752 1288 sed
775 1236 1094 1286 conformius
1120 1238 1188 1285 illi
1213 1237 1276 1285 ad
1297 1236 1508 1302 scopum
1525 1270 1537 1291 ,
1562 1239 1645 1300 qui
1668 1254 1778 1287 non
1803 1242 1913 1293 uni,
1934 1240 2017 1289 sed

267 1303 409 1358 variis
434 1304 572 1355 illam
594 1301 745 1351 causis
766 1300 1063 1349 attribuunt:
1100 1300 1364 1348 influxibus
1387 1316 1573 1364 nempe
1599 1299 1882 1351 coelestibus
1898 1335 1911 1357 ,
1933 1304 2016 1351 cli-

265 1368 417 1419 mati,
441 1368 567 1420 ae'ri‚
591 1365 907 1417 educationi,
936 1363 1204 1414 alimento,
1231 1363 1547 1441 qualitatibus
1566 1366 1752 1427 patriis,
1778 1367 1826 1415 &
1851 1367 2016 1430 praeci·

266 1427 365 1495 pue
389 1427 816 1493 progenitoribus:
855 1441 999 1479 nam,
1025 1425 1274 1474 ordinaria
1301 1428 1502 1475 Naturae
1523 1426 1648 1490 lege,
1668 1428 1824 1476 fortes
1849 1444 2017 1478 crean-

269 1506 348 1540 tur
382 1494 624 1545 fortibus,
654 1505 749 1538 nee
774 1489 1062 1541 imbellem,
1090 1487 1144 1536 ut
1177 1489 1415 1543 diximus,
1441 1489 1634 1537 feroces
1665 1492 1839 1554 aquilae
1868 1507 2016 1555 gene-

213 1596 223 1604 .
269 1567 380 1603 rant
410 1555 734 1604 columbam3
779 1551 899 1599 cum
936 1550 1113 1599 contra
1152 1552 1450 1615 plerumque
1494 1552 1691 1604 videas,
1724 1555 1844 1602 mali
1871 1557 2015 1604 corvi

268 1618 464 1666 malum
492 1615 584 1664 ess'e
610 1631 799 1667 ovum,
825 1610 1084 1676 qualisque
1116 1629 1259 1667 affer,
1284 1615 1398 1662 talia
1428 1615 1641 1669 semina,
1666 1619 1717 1665 &
1749 1631 2016 1678 nunquam

269 1679 475 1732 melius,
496 1677 652 1741 quam
676 1694 733 1726 ex
754 1677 934 1725 arbore
955 1692 1126 1740 cogno
1149 1679 1192 1724 ci
1214 1676 1415 1724 fruetus.

398 1742 596 1792 LEUC:
681 1742 822 1791 Unus
846 1742 1127 1787 etiamnum
1148 1739 1398 1803 scrupulus
1438 1738 1615 1793 haeret,
1640 1754 1795 1803 quem
1819 1741 2011 1791 curiosa

271 1805 397 1856 mihi
420 1804 601 1853 sciendi
621 1803 886 1868 cupiditas:
933 1803 1197 1864 quodnam
1215 1798 1329 1866 post
1346 1814 1805 1867 temperamentum
1823 1805 2015 1860 Solare,

271 1870 353 1918 seu
378 1867 439 1917 ad
470 1866 696 1933 pondus,
730 1868 855 1914 inter
886 1866 1154 1928 conjugata
1185 1866 1440 1929 optimum
1474 1866 1755 1929 proclamat
1790 1866 2014 1916 Philoso-

273 1932 414 1995 phia?
481 1932 636 1977 MEL:
704 1929 975 1978 Problema
1003 1928 1206 1976 adducis
1225 1932 1277 1976 in
1299 1927 1553 1981 medium,
1577 1928 1745 1989 quod,
1768 1927 1869 1977 fine
1888 1931 2012 1979 invi-

275 1994 381 2048 dia,
407 2009 498 2042 nee
519 1993 641 2057 ipse,
665 2007 805 2045 reor,
829 1990 1079 2040 decideret
1101 1990 1316 2055 Apollo·
1399 1990 1457 2039 Id
1478 2006 1636 2039 nemo
1659 1988 1802 2040 facile
1825 1991 2010 2042 inficia-

274 2057 430 2107 bitur,
455 2055 759 2104 decisionem
781 2056 873 2102 litis
897 2069 953 2102 ex
983 2053 1258 2104 diverfitate
1289 2052 1398 2101 finis
1421 2053 1706 2117 petendam.
1805 2057 2010 2119 Sangui-

273 2134 400 2168 neos
421 2119 615 2176 longioris
633 2120 732 2163 vitae
762 2117 1033 2174 &sanitatis
1056 2116 1289 2173 Podalirij
1325 2116 1566 2173 judicant:
1601 2131 1698 2164 nec
1721 2115 2008 2168 immerito;

273 2197 394 2230 nam
434 2181 518 2227 ubi
552 2177 759 2242 suppetit
790 2181 951 2233 calor,
982 2195 1092 2228 non
1117 2178 1356 2228 deficiunt
1381 2179 1594 2243 spiritus5
1620 2179 1705 2228 ubi
1740 2179 2010 2228 humidum

275 2243 485 2293 radicale
512 2241 756 2294 abundat,
780 2239 969 2291 stamen
994 2245 1104 2292 vitae
1127 2257 1237 2290 non
1261 2242 1504 2295 exarescit,
1528 2241 1614 2290 nifi
1637 2243 1865 2290 violentis
1883 2241 2007 2290 illud

274 2305 503 2355 manibus
524 2303 1018 2367 abrumpant-Parcae.
1087 2303 1339 2354 Caeterum
1360 2303 1388 2353 a
1409 2303 1639 2354 Parnasso
1663 2304 1885 2357 exulant,
1910 2301 1958 2353 ὅ(
1977 2303 2006 2353 a

275 2370 505 2432 Peripato
528 2365 720 2414 dudum
744 2368 1010 2430 proscripta
1040 2367 1148 2416 sunt
1171 2379 1567 2431 temperamenta
1592 2366 1848 2429 simplicia:
1885 2381 2006 2416 nam

278 2431 522 2495 sanguinei
559 2428 604 2477 se
628 2427 844 2476 nimium
873 2429 1092 2493 probant
1116 2431 1367 2478 volatiles:
1404 2428 1558 2478 sidera
1585 2429 1693 2476 sunt
1719 2427 1909 2492 semper
1935 2444 2006 2476 er-

280 2495 460 2551 rantia,
484 2504 745 2555 nunquam
765 2489 874 2540 fixa.
974 2490 1231 2544 Cholerici
1250 2492 1363 2543 sunt
1392 2489 1540 2542 nimis
1566 2491 1858 2556 praecipitesz
1903 2491 2004 2554 ple·

1802 2567 1939 2603 rum·-
