2175 2911
699 138 705 142 .
745 98 876 145 Atlas
889 95 1211 157 Philoffiphicus.
1743 114 1805 164 27

114 197 197 237 re,
221 184 465 247 quasdam
493 192 653 250 partes
684 184 868 238 calida,
889 179 1127 246 adeoque
1155 187 1304 240 levis,
1328 190 1511 241 nitatur
1535 190 1744 243 sursum:
1778 192 1862 242 sed
1914 203 2101 258 Arestot.

111 246 359 308 quasdam
379 248 490 297 alias
513 247 707 310 frigida,
727 243 962 309 adeoque
982 249 1158 310 gravis,
1171 248 1445 301 retrahatur
1464 254 1716 311 deorsum,
1741 270 1862 308 neu·
1887 268 1995 315 583,
2024 270 2104 320 25,

102 322 248 358 trum
280 322 484 359 motum
517 307 664 375 poffit
691 311 947 363 evincere,
973 309 1211 363 ludimur,
1235 314 1286 361 δε
1308 327 1365 360 ex
1388 315 1517 365 Iusta
1547 331 1755 368 motum
1778 334 1861 384 pa·
1890 329 2037 380 Ρνοὺι,

112 372 395 422 rabolicum
420 407 432 423 ‚
465 372 493 421 a
520 372 659 422 resto
690 374 888 422 tramite
922 371 1299 428 deflestentem‚
1321 392 1547 439 generat,
1575 397 1729 445 quern
1760 383 1861 431 alio

113 438 325 485 nomine
338 436 412 491 alii
427 436 712 493 transversum
730 447 933 487 vocant,
948 438 1000 486 ὅ(
1019 436 1260 483 lateralem.
1329 441 1490 504 Qod
1509 443 1542 492 fi
1562 447 1863 507 inaequalitas

115 502 257 554 a'e'ris,
270 511 354 547 aut
369 501 577 564 praevius
592 499 808 561 quidam*
819 502 1032 564 impetus
1052 499 1420 551 exhalationem
1439 507 1583 555 initio
1603 508 1761 571 magis
1782 510 1863 557 de-

111 566 373 615 terminet,
394 566 445 611 in
465 561 569 612 hoc
593 563 674 612 vel
696 561 819 611 illud
840 563 990 615 latus3
1026 564 1428 620 continuabitur,
1453 584 1547 617 nec
1574 571 1660 621 nifi
1681 587 1737 619 ex
1761 588 1863 621 una

110 639 248 689 parte
271 626 443 674 senties
460 627 855 675 tumultuantem
875 626 1111 676 AEoliam.
1209 627 1368 675 Subin
1393 645 1528 679 amat
1549 637 1860 699 contingere,

113 701 167 736 ut
192 689 376 752 spiritus
395 687 587 738 nitroso
608 717 628 725 -
647 688 918 752 sulphurei,
950 689 1074 738 dum
1101 688 1321 738 subtilius
1353 698 1624 749 extenuati,
1648 699 1863 747 eluctan-

112 755 261 801 turin
284 753 458 804 altum,
481 753 508 798 a
527 750 714 813 frigore
734 751 1011 814 repet-cuffi,
1032 764 1199 801 totum
1216 755 1465 816 impetum
1487 758 1721 808 deorsum
1741 777 1863 809 con-

111 817 321 878 cipiant,
344 826 429 861 aut
453 813 516 860 ab
536 814 632 875 ipsa
652 811 912 876 superioris
938 814 1083 864 nubis
1103 818 1374 879 gravedine
1401 834 1510 867 non
1533 822 1670 869 aliter
1695 839 1752 871 ac
1770 825 1863 872 ful-

109 892 231 926 men
261 875 495 924 deorsum
527 875 799 929 elidantur,
821 876 907 925 ubi
939 874 1103 927 statim
1134 880 1257 928 alios
1281 884 1540 931 concitant
1573 884 1777 939 halitus,
1806 902 1864 934 ac

112 940 322 989 demum
344 939 395 986 in
418 937 644 988 horridas
674 937 904 989 definunt
937 939 1280 1007 tempestates:
1317 945 1483 995 &hos
1513 947 1709 995 furores
1734 951 1865 995 Εσπε-

103 1001 211 1062 phiae
241 1000 526 1050 adscribunt
551 1001 728 1065 Sophi.
841 1003 1049 1064 Typhonis
1080 1009 1294 1056 nomine
1327 1009 1582 1058 turbinem
1617 1012 1866 1065 indicant,

109 1079 266 1127 quem
288 1066 425 1128 gigni
448 1063 654 1118 volunt,
673 1063 794 1113 cum
815 1066 1065 1117 exhalatio
1092 1071 1144 1117 in
1163 1070 1384 1131 pluribus
1400 1073 1615 1122 nubibus
1628 1108 1641 1124 ,
1663 1078 1866 1137 nequic-

42 1178 45 1180 ,
109 1142 267 1190 quam
287 1130 474 1175 exitum
494 1140 743 1187 quaerens,
766 1129 818 1175 in
840 1127 885 1175 se
914 1127 1069 1191 ipsam
1097 1132 1387 1186 reflectitur,
1424 1133 1784 1198 conceptoque
1813 1140 1866 1187 in

111 1192 290 1255 spiram
314 1202 464 1239 motu
490 1189 744 1243 deorsum,
769 1192 973 1239 vorticis
992 1188 1165 1246 instar,
1188 1195 1454 1246 circulatur
1475 1212 1560 1261 per
1590 1199 1862 1248 turbinem.

113 1256 215 1304 Erit
241 1251 416 1306 Praester
442 1252 522 1301 hic
542 1252 722 1306 turbo,
745 1251 781 1300 fi
813 1253 978 1316 aliqua
1009 1269 1067 1302 ex
1102 1269 1242 1320 parte
1265 1259 1513 1313 incensus,
1544 1260 1767 1310 fulminis
1792 1265 1863 1311 in-

109 1314 207 1366 star
228 1317 386 1365 saeviat
400 1349 413 1370 ,
437 1318 487 1366 &
508 1315 817 1379 procellosos
839 1331 925 1379 per
937 1316 1106 1380 Lybiae
1129 1318 1313 1368 deserta
1332 1321 1519 1386 spargat
1540 1323 1752 1372 furores.

241 1380 438 1430 LEUC:
510 1380 710 1428 Ventos
727 1380 965 1428 nominas
982 1382 1194 1430 minoris
1215 1395 1366 1436 notae,
1392 1399 1522 1446 quos
1542 1387 1744 1432 laterales
1761 1388 1867 1436 Sta-

112 1444 255 1508 girita
269 1475 281 1496 ,
298 1441 581 1504 eorumque
598 1443 856 1505 ingentem
877 1452 896 1489 t
1017 1458 1099 1490 am
1111 1444 1466 1510 Hydrographi
1487 1446 1726 1496 afferunt:
1762 1453 1868 1511 qui-

112 1522 235 1555 nam
255 1502 376 1569 ergo
399 1505 547 1561 AEolij
575 1504 771 1559 fratreS‚
804 1519 933 1567 quos
982 1521 1062 1553 1ne
1091 1522 1310 1571 purpura
1347 1510 1636 1558 Cardinales
1665 1526 1869 1559 venera-

113 1582 194 1618 tur
223 1570 549 1632 Hippotates?
613 1570 769 1615 MEL:
862 1569 912 1617 Si
935 1569 1111 1624 nescis,
1142 1574 1453 1621 memoriam
1482 1572 1672 1630 juvabit
1703 1576 1868 1639 impo-

113 1629 300 1682 sterum
322 1633 352 1689 J
357 1632 526 1681 oviani
548 1629 714 1682 Musa,
739 1645 838 1696 qua
858 1633 1058 1682 cecinit:

462 1697 510 1741 A
524 1693 687 1751 summo
708 1697 890 1746 Boreas,
915 1698 1068 1742 Notus
1085 1698 1170 1744 imo
1185 1699 1324 1760 spirat
1342 1701 1544 1761 Olympo:
1588 1722 1602 1733 ·

463 1756 658 1815 Occaficm
678 1757 827 1814 insedit
842 1759 1088 1819 Zephyrus,
1113 1764 1237 1808 venit
1264 1764 1407 1810 Eurus
1426 1763 1480 1809 ab
1500 1776 1615 1811 ortu.

113 1822 263 1885 Signa
286 1831 558 1870 ventorum
581 1816 901 1885 prognostica
915 1854 929 1877 ,
948 1821 1053 1872 hoc
1072 1837 1283 1889 quoque
1303 1839 1470 1876 metro
1485 1860 1499 1882 ,
1517 1825 1711 1876 inclusit
1734 1826 1863 1877 Poe-

115 1898 166 1934 ta
186 1884 392 1947 quidam
413 1884 762 1949 Philosophus,
1493 1900 1494 1903 ’

464 1950 509 1993 Si
532 1947 809 2004 scintillantes
828 1947 996 2004 stellas,
1011 1949 1049 2009 si
1065 1947 1187 2009 sbi-te*
1206 1952 1414 2004 cadentes,
1580 2000 1583 2002 .

468 2008 689 2074 Halbqne,
713 2014 769 2059 (ἵν
788 2009 917 2058 nubes
938 2029 1033 2059 cnm
1054 2015 1146 2060 Sole
1165 2016 1337 2061 cadente
1361 2014 1573 2068 rubentes,

465 2075 511 2119 Si
531 2086 676 2120 tennes
687 2075 849 2136 spargit
864 2079 1091 2135 perinane
1111 2093 1269 2123 aranea
1292 2080 1415 2130 telas,

466 2136 559 2182 Sole
578 2150 800 2189 coronato,
820 2138 1027 2200 Luna‘que
1052 2137 1229 2186 rubente
1247 2141 1421 2189 timebis

468 2202 544 2245 Ire
563 2200 679 2246 leves
695 2213 869 2250 ventos,
887 2199 1103 2264 statasque
1121 2202 1497 2265 instareficperbos.

117 2262 372 2315 Caeterum
391 2263 526 2312 venti
540 2295 553 2316 ,
578 2277 708 2324 quos
728 2263 908 2311 emittit
919 2264 1221 2328 Septentrio,
1242 2264 1270 2315 a
1291 2271 1437 2318 Zona
1458 2269 1633 2332 frigida
1651 2269 1763 2320 ficei
1783 2271 1863 2319 ad-

118 2329 310 2379 volant,
323 2321 597 2389 gelidique,
620 2326 882 2374 serenitatis
906 2327 1204 2391 plerumque
1223 2332 1516 2394 prodromi:
1552 2338 1638 2396 qui
1666 2334 1694 2382 a
1720 2335 1862 2382 meri-

123 2391 201 2439 die
221 2391 414 2455 spirant,
435 2388 462 2437 a
477 2392 623 2438 Zona
644 2389 832 2438 torrida
857 2391 1080 2439 calorem
1095 2424 1107 2445 ,
1131 2392 1193 2441 ab
1207 2396 1423 2444 Oceano
1444 2395 1657 2446 afferunt
1677 2396 1860 2444 humo-

124 2469 259 2505 rem3
279 2452 397 2502 hinc
418 2450 445 2500 a
462 2451 638 2516 pluviis
663 2451 859 2501 dudum
881 2466 1030 2502 notus
1042 2454 1353 2523 Philosophis
1367 2461 1556 2510 Notus.
1595 2461 1644 2510 V
1647 2459 1860 2528 enti2qt}i

127 2516 269 2567 suum
286 2528 462 2567 ortum
481 2514 545 2566 ab
568 2514 857 2573 occidente,
877 2518 930 2566 in
955 2519 1080 2566 mari
1111 2520 1375 2575 Atlantico
1403 2523 1619 2578 induunt
1645 2519 1863 2569 humidi-

996 2581 1048 2631 D
1087 2595 1112 2629 2
1642 2594 1800 2631 tatem
