2175 2911
363 83 393 130 6
399 98 427 129 2
942 79 1121 142 Wrgula
1144 76 1394 130 Pharaoni's'.

293 174 452 237 cipia:
498 170 712 221 imbellis
739 169 846 227 est.,
879 171 1026 223 DEO
1050 175 1175 223 vires
1205 189 1301 238 pro
1332 170 1476 221 libitu
1502 163 1867 233 restringente..
1899 170 2052 229 sed&

291 248 475 301 potens
488 230 585 289 est,
610 235 852 285 Numinis
881 234 1205 286 Providentia
1225 235 1290 285 fic
1301 234 1639 301 permittente.
1707 232 1845 282 Bene
1859 235 1978 287 dixit
1989 241 2063 288 in.

291 311 366 346 tet
405 297 641 350 do&or,es
675 297 947 353 Mellifluus
980 316 1001 346 .:
1084 299 1250 348 latrare
1286 296 1423 359 potest
1445 331 1461 348 ,
1507 296 1700 364 mordere
1719 311 1800 341 non
1829 299 1966 358 potest
1986 303 2057 350 in-

291 361 489 410 fernalis
511 361 593 410 hic
630 361 903 416 Cerberus,
927 360 1002 422 mfi
1022 363 1252 411 volentem..
1351 360 1585 410 Veritatis
1606 357 1752 413 huius
1776 359 2056 425 locupletis-

288 423 474 473 fimum
494 421 671 472 testem
696 425 742 472 se
769 424 916 477 nobis
937 425 1134 473 exhibet
1152 426 1219 478 D.
1244 424 1522 487 Cyprianus
1536 453 1553 475 ,
1568 418 1596 469 ὲ
1612 419 1931 493 ¹Philosopho
1943 427 2056 478 Mar

288 504 405 551 gus,
438 484 465 535 ὲ
489 489 651 550 Mago
674 485 979 537 Christianus
996 521 1009 542 ,
1037 484 1065 536 ὲ
1086 484 1378 538 Christiano
1406 484 1649 534 Sacerdos
1673 516 1687 537 ‚
1711 500 1748 532 -e
1781 486 2056 538 Sacerdote

290 550 537 615 gloriosus
558 552 767 615 Martyr.
831 552 1056 616 Percipe‚
1078 551 1259 614 quaeso,
1282 547 1439 613 quam
1458 546 1739 600 admirabili
1767 546 1874 603 filo,
1898 546 1925 598 ὲ
1945 553 2057 601 Ma„

288 616 379 677 giae
395 615 572 677 Stygiae
596 613 882 678 labyrintho
894 614 1037 663 illum
1057 615 1278 662 eduxerit
1303 613 1489 661 Divina
1513 609 1857 662 Providentia.
1935 616 2053 664 Erat

291 678 585 726 Antiochiae
599 676 956 743 Philosophus,
972 692 1127 739 quem
1148 677 1177 726 a
1201 676 1442 727 natalium
1459 673 1751 738 splendore,
1784 673 2055 739 vultusque

288 738 541 788 flexanimi
573 737 729 803 gratia
764 741 1035 804 Aglaidam
1068 738 1235 789 dixere
1277 734 1558 787 domestici.
1666 736 1768 786 Sed
1787 741 1906 800 quia
1936 740 2054 792 raro

285 805 339 852 in
363 803 534 855 fronte
556 804 726 855 simul,
748 806 798 853 δε
816 807 868 852 in
887 803 1091 868 pestore
1109 805 1233 854 lilia,
1253 803 1462 854 formas,
1481 814 1601 862 quas
1623 800 1674 847 in
1697 801 1741 847 se
1764 801 1933 867 suspici
1953 803 2054 852 sen-

282 864 370 917 fit,
393 868 444 913 in
464 865 565 919 aliis
589 866 685 930 ipsc
705 865 1005 930 suspiciebat.
1077 868 1157 914 Sic
1187 865 1402 929 degener
1420 863 1501 912 hic
1523 861 1724 927 Sophus
1749 863 2056 917 severiorem

286 929 446 977 coluit
470 930 758 979 Minervam
777 961 790 982 ,
813 942 866 978 ut
900 927 993 976 effe
1023 931 1271 992 virginem
1305 928 1490 975 oblitus
1514 958 1527 980 ,
1559 927 1766 989 impuris
1796 930 2058 977 amoribus

288 1003 573 1040 extremum
595 995 810 1053 virgines
834 991 895 1038 de
935 992 1094 1037 eriret.
1180 992 1288 1036 Fuit
1308 988 1568 1037 intertalias
1589 989 1617 1043 J
1625 984 1800 1059 ustitia,
1814 988 1884 1038 ‚sic
1905 991 2051 1046 dista,

283 1069 399 1102 reor
417 1087 429 1106 ,
449 1053 476 1101 a
499 1050 787 1103 Christianae
811 1052 895 1107 Jui
921 1053 1014 1097 itiae
1037 1050 1202 1102 laude,
1222 1064 1376 1110 quam
1400 1063 1508 1096 non
1529 1048 1696 1096 modo
1724 1055 1951 1107 nomine,
1969 1055 2051 1104 sed

283 1116 426 1178 quod
460 1115 633 1169 majus,
654 1113 883 1176 glorioso
898 1112 1059 1160 ,etiam
1080 1113 1255 1160 omine
1273 1110 1510 1174 praetulit:
1546 1108 1612 1157 fic
1635 1111 1771 1157 enim
1795 1111 1931 1162 hunc
1949 1117 2053 1180 spu-

282 1181 417 1226 rium
444 1174 470 1224 ὲ
491 1177 724 1239 Peripato
741 1174 1322 1239 hircocervumexcepit
1339 1172 1455 1223 „haec
1482 1169 1614 1220 easta
1634 1172 1819 1229 Pallas„
1846 1190 1900 1224 ut
1929 1178 2051 1227 eon,

285 1251 360 1287 tra
379 1253 562 1288 omnes
580 1253 773 1304 preces,
802 1239 852 1287 ὃς
880 1239 1064 1291 minas,
1093 1233 1319 1285 castitatis
1343 1234 1495 1300 aegide
1529 1235 1830 1293 invincibili,
1852 1238 2052 1292 sentiret

280 1313 547 1351 armatam.
648 1300 791 1367 Qid
826 1301 926 1355 iam
950 1311 1072 1364 ,agat
1095 1299 1207 1351 ,hoc
1233 1300 1448 1363 Peripati
1473 1298 1749 1363 probrum?
1784 1303 1883 1366 agit
1905 1307 2050 1367 quod

280 1380 430 1430 agere
455 1363 716 1415 consuevit
744 1365 993 1421 Juventus
1012 1395 1025 1416 ,
1052 1364 1134 1412 cui
1164 1363 1315 1411 semel
1350 1362 1586 1417 sedustae,
1608 1363 1812 1412 nullum
1832 1370 2050 1433 praecjpj..

281 1431 413 1477 tium
443 1428 509 1475 sat
532 1428 719 1481 altum,
743 1426 944 1476 nullum
970 1425 1188 1475 fundum
1208 1424 1283 1475 ‚sat
1323 1422 1393 1473 est
1425 1425 1768 1491 profundum3
1819 1442 1923 1477 erat
1939 1432 2050 1482 An-

282 1489 485 1538 tiochiae
505 1488 857 1554 Philosophus,
883 1489 1163 1554 Cyprianus
1187 1491 1399 1539 nomine
1433 1487 1456 1545 (
1474 1504 1593 1540 nam
1607 1490 1781 1557 Cypro
1801 1487 2044 1547 studebat,

281 1555 334 1603 δε
356 1551 639 1606 militabat)
673 1567 828 1615 quem
861 1554 1033 1616 Magia
1065 1552 1319 1602 celebrem
1351 1552 1561 1606 fecerat,
1590 1555 1641 1606 ὃς
1668 1555 1861 1604 utinam
1887 1556 2043 1609 licita}

279 1615 418 1664 hunc
442 1615 543 1664 adit
573 1616 837 1681 Aglaidas,
859 1617 1046 1664 amoris
1068 1617 1192 1680 petit
1215 1615 1470 1668 remedia,
1493 1613 1704 1678 pessimo
1743 1618 1936 1668 morbo
1999 1636 2046 1669 e..

280 1679 411 1736 jora:
448 1694 571 1728 nam
590 1695 713 1728 mox
733 1679 796 1727 ab
812 1680 955 1728 Orco
969 1678 1195 1729 Amores
1213 1690 1490 1727 evocantur
1503 1710 1516 1731 ,
1536 1690 1589 1726 ut
1609 1676 1726 1728 huic
1751 1680 1914 1729 milvo
1937 1636 2043 1733 (ξι)-

282 1741 461 1791 sidium
479 1742 658 1797 ferant,
673 1740 1059 1805 corvorumque
1077 1741 1290 1792 colletsta
1311 1741 1499 1790 cohors
1512 1755 1675 1790 ,unam
1697 1743 1749 1790 in
1770 1742 1916 1792 caffes
1932 1761 2043 1810 per-

281 1804 479 1853 trahant
502 1805 819 1854 columbam.
899 1806 1041 1856 Unus
1062 1804 1324 1863 jaetantior
1341 1806 1524 1853 caeteris
1543 1805 1841 1854 amandatur
1866 1807 1928 1855 ad
1948 1811 2042 1859 vir-

278 1870 476 1930 ginem,
500 1868 640 1918 mille
664 1867 879 1933 philtris,
898 1869 1037 1917 mille
1056 1867 1472 1918 machinamentis
1505 1880 1749 1916 armatus:
1784 1868 1870 1918 sed
1887 1873 2042 1922 unico

279 1931 456 1980 Crucis
485 1930 738 1981 salutiferae
759 1930 902 1995 signo
918 1964 931 1986 ,
954 1932 1099 1995 virgo
1124 1930 1279 1981 difflat
1297 1935 1467 1980 inanes
1488 1933 1827 1980 tentaminum
1852 1934 2040 1985 machi.

284 1996 549 2046 nas‚&vix
576 1992 802 2061 incoepta
833 1992 1124 2060 pugnajam
1154 1995 1320 2045 retulit
1345 1995 1566 2046 lauream
1601 1995 1843 2044 Heroina.
1937 1999 2042 2049 Sed

281 2070 407 2103 mox
429 2056 845 2123 misitCyprianus
876 2059 1144 2125 suppetias:
1192 2059 1488 2109 Asmodeus
1516 2058 1613 2122 ipse
1647 2059 1699 2106 in
1727 2074 1931 2110 arenam
1957 2061 2039 2110 de-

280 2117 491 2171 scendit,
521 2121 659 2168 mille
681 2120 942 2171 ,fraudibus
974 2119 1173 2187 stipatus
1193 2155 1210 2176 ,
1240 2124 1490 2172 ementito
1528 2123 1743 2171 larvatus
1775 2122 2038 2188 splendore
2074 2126 2082 2135 '

281 2180 561 2246 aggreditur
591 2184 837 2247 virginem
861 2218 873 2238 ,
908 2200 1018 2247 quae
1057 2183 1198 2235 brevi
1229 2188 1456 2251 agnitum
1479 2182 1506 2234 ὲ
1537 2186 1697 2235 cauda
1728 2186 2036 2251 serpentem,

282 2244 457 2293 Crucis
479 2243 619 2293 Γισηο
647 2246 978 2302 debellatum,
1006 2250 1105 2313 egit
1123 2249 1175 2297 in
1187 2248 1367 2313 fugam
1385 2249 1603 2313 gloriosa
1624 2249 1880 2300 Amazon.
1932 2248 2036 2300 Hic

281 2306 365 2378 ille
395 2283 629 2356 conffisus
658 2308 720 2356 ad
743 2309 1055 2374 Cyprianum
1075 2344 1089 2366 ,
1122 2326 1397 2362 exarmatas
1436 2312 1578 2362 fateri
1608 2315 1732 2362 vires
1755 2344 1768 2365 ,
1801 2311 2034 2362 extinikas

283 2368 447 2418 dicere
471 2367 702 2420 incoestas
738 2370 869 2420 faces
885 2405 898 2425 ,
917 2376 1093 2423 omnia
1123 2375 1222 2424 tela
1243 2377 1396 2425 unico
1418 2376 1594 2426 Crucis
1618 2376 1796 2438 clypco
1820 2375 2035 2439 repulsa,

280 2429 554 2495 totumque
575 2432 887 2499 Cupidinum
909 2439 1206 2494 exercitum,
1231 2439 1294 2488 ab
1314 2439 1461 2488 unica
1489 2439 1719 2503 fugatum
1746 2432 1907 2485 testari
1926 2438 2028 2489 san-

281 2494 439 2548 ctiore
461 2496 639 2548 Diana.
740 2498 1017 2551 Enimvero
1046 2499 1131 2553 hic
1152 2499 1499 2570 obstupescere
1525 2496 1693 2568 primo
1723 2498 2030 2567 Cyprianus,

1838 2578 1963 2616 mOX
