2175 2911
798 116 943 173 Janus·
973 112 1160 173 Bcflons‘.
1676 116 1738 161 22
1742 124 1766 171 3

111 215 257 263 matis
279 226 450 262 meam
471 206 803 260 constantiam
824 224 836 256 ε
893 223 1012 256 nam
1032 207 1068 265 fi
1087 209 1375 260 delicatulus
1399 211 1526 262 ferre
1551 224 1756 275 nequeo
1776 207 1835 257 ri-

109 291 289 340 gorem
315 273 532 327 claustri,
567 269 656 334 qui
676 271 836 319 feram
865 273 1088 334 rigorem
1109 274 1272 320 tartari
1295 275 1313 321 ἶ*
1358 275 1533 323 edicite
1553 308 1567 329 ,
1610 288 1836 338 quomo-

110 340 180 389 do
204 340 423 389 habitare
444 348 626 401 potero
651 349 769 382 cum
793 335 907 398 igne
939 334 1214 384 devorante
1238 368 1251 388 ‚
1288 338 1337 385 ὃ(
1365 338 1622 387 ardoribus
1662 337 1849 401 scmpi:

108 404 295 451 ternis?
359 402 516 447 MEL:
582 393 739 447 Reste
761 395 842 445 hic
861 397 1122 459 equidem:
1149 413 1269 445 nam
1287 397 1320 445 fi
1348 397 1573 448 molestia
1591 403 1834 464 insupera-

105 465 343 529 bilis‚quae
356 473 630 511 momento
643 459 1107 522 finitur,quomodo
1119 460 1299 508 inferni
1321 461 1470 509 ardor
1481 462 1535 510 sit
1547 463 1836 516 tolerabilis,

106 531 253 591 quiin
269 529 591 577 aeternitatem
609 535 774 572 totam
793 524 1097 572 extenditur?
1111 520 1179 570 est
1191 523 1296 572 haec
1315 523 1518 573 reflexio
1534 525 1682 590 digna
1702 526 1842 574 refle-

105 593 274 639 xione.
327 591 420 639 Fac
446 590 598 639 enim,
615 587 842 643 jaceas,in
862 583 1355 641 viridati0‚Paestanis
1373 588 1585 636 aemulo:
1621 589 1840 637 mollem

109 653 321 702 thorum
351 649 585 701 insternar
615 649 817 698 Chloris
840 683 853 703 ,
891 649 1032 698 viridi
1060 646 1230 698 vestita
1251 652 1477 714 gramine
1503 668 1513 698 :
1558 650 1757 700 florenti
1787 664 1837 699 te

105 732 352 780 conopeo
377 715 649 763 obumbret
670 713 916 760 luxurians
940 712 1180 761 arborum
1202 712 1368 761 scena:
1405 729 1547 761 nares
1577 715 1739 763 odore
1762 730 1836 762 re-

105 793 242 828 creet
253 780 483 840 frequens
495 776 541 823 A
551 789 797 821 maraeus:
834 775 1027 823 lumina
1038 779 1228 841 rapiant
1238 776 1476 825 coloratae
1496 776 1682 826 florum
1695 793 1835 826 areo-

102 842 161 890 lae
184 861 193 889 :
233 843 403 889 leniter
420 838 804 907 admurmurent
832 838 1073 901 Zephyri:
1110 837 1392 904 adstrepant
1410 839 1631 888 salientes
1653 841 1795 889 unclae
1814 857 1831 886 .-

100 905 289 969 plumei
311 904 363 948 in
384 903 496 949 aete
527 912 754 948 aecinant
777 899 1027 950 choraulae
1051 920 1061 950 :
1098 900 1258 952 verbo
1273 936 1285 957 ‚
1322 916 1429 952 tam
1450 918 1631 953 Vernus
1651 916 1700 951 te
1731 906 1833 951 cin-

99 967 334 1029 gatlepos
354 997 367 1018 ,
402 975 458 1012 ut
477 966 819 1011 amoeniorem
848 980 943 1012 nee
956 965 1053 1030 ipse
1076 979 1271 1030 optaret
1291 965 1378 1014 fibi
1396 966 1663 1028 Alcinous.
1713 963 1832 1019 Hic,

100 1032 337 1090 inquam,
374 1027 556 1082 jaceas,
593 1026 672 1073 sed
703 1042 759 1074 ea
788 1028 922 1081 leffe,
959 1042 1013 1077 ut
1037 1044 1299 1092 nunquam
1320 1031 1835 1078 liceatlatusinvctte-

101 1106 178 1139 re:
217 1090 447 1152 nunquid
471 1089 549 1137 vel
570 1105 694 1136 unus
715 1089 816 1136 dies
833 1067 942 1138 Tiaec
963 1093 1141 1154 gaudia
1161 1105 1379 1141 mutaret
1399 1096 1450 1141 in
1468 1093 1609 1141 taedia
1623 1126 1634 1144 ‚
1658 1095 1709 1140 in
1728 1091 1835 1155 sup-

98 1155 243 1218 plicia
267 1152 548 1201 hebdomas
564 1184 575 1204 ‚
606 1167 762 1199 annus
783 1154 834 1199 in
863 1165 1118 1201 tormenta
1136 1157 1215 1201 vix
1238 1156 1529 1203 toleranda?
1565 1155 1704 1204 senfit
1724 1153 1836 1204 Phi-

101 1215 386 1280 losophiam
412 1214 542 1262 hanc
564 1214 743 1268 sulco,
789 1215 1055 1264 mundanae
1076 1216 1348 1265 ludibrium
1371 1218 1596 1265 vanitatis
1618 1249 1631 1270 ‚
1679 1232 1837 1279 quem

96 1280 249 1328 noete
275 1278 494 1341 quadam
511 1310 524 1331 ,
552 1276 722 1340 abysso
745 1277 1027 1326 demersum
1052 1276 1255 1343 plumea
1278 1281 1467 1343 excepit
1494 1279 1670 1327 thorus
1700 1314 1713 1330 ,
1751 1278 1835 1326 sed

98 1345 191 1397 ita,
228 1355 283 1390 ut
299 1342 503 1389 somnus
528 1340 589 1388 ab
602 1340 758 1388 oculo
781 1341 999 1403 fugeret:
1022 1341 1160 1389 sensit
1177 1343 1257 1389 ille
1271 1345 1495 1404 quietem
1514 1355 1621 1390 tam
1639 1343 1832 1404 inquie-

101 1419 207 1454 tam
224 1439 236 1459 ‚
273 1418 328 1453 ut
348 1407 398 1452 in
422 1403 528 1453 haec
546 1402 696 1452 verba
718 1412 1093 1467 prorumperet:
1130 1417 1219 1449 tam
1241 1404 1409 1455 molesia
1433 1408 1477 1449 in
1503 1407 1616 1449 molli
1641 1406 1833 1450 thalamo

100 1468 156 1522 est
181 1485 265 1514 nox
285 1468 474 1522 insbmniae
497 1484 506 1513 :
544 1467 644 1529 quid
666 1466 702 1524 fi
724 1469 766 1511 in
788 1464 1002 1524 ignivoma}
1017 1466 1208 1524 jacerem
1228 1467 1407 1512 culcitra
1428 1468 1444 1514 ἒ
1480 1466 1625 1528 quidsi
1645 1483 1725 1512 non
1749 1482 1834 1511 una

101 1531 243 1582 noste,
274 1530 341 1584 sed
365 1532 628 1580 aeternitate,
665 1528 872 1575 durature}
886 1525 1064 1589 semper,
1080 1527 1268 1586 finiende}
1288 1531 1533 1590 nmquam?
1546 1528 1690 1591 fregit
1700 1529 1833 1576 mol-

98 1595 203 1642 lem
227 1596 455 1641 animum
482 1592 712 1640 insomne
729 1591 832 1640 hoc
854 1588 1312 1656 somnium‚si'cque
1331 1593 1530 1641 surrexit
1553 1591 1753 1645 melior,
1778 1601 1833 1639 ut

97 1658 366 1705 meliorem
425 1652 724 1703 ostmodum
745 1657 797 1702 in
823 1656 1090 1719 Religione
1115 1658 1301 1720 ceperit
1322 1657 1563 1718 quietem.

221 1671 420 1769 LEUCR
489 1714 569 1766 Est
589 1716 692 1766 haee
711 1734 847 1766 nova
868 1721 1144 1768 aeternitatis
1168 1721 1457 1784 proprietas,
1473 1718 1540 1767 sat
1562 1727 1830 1780 magna‚ut

96 1781 571 1835 infernitormentis,
584 1796 678 1844 pro
698 1794 1025 1845 peccatorum
1037 1784 1264 1847 pondere
1282 1783 1730 1846 maximo‚pondus
1750 1779 1832 1827 ad-

97 1844 503 1902 jiciatinfinitum.
572 1846 855 1894 Damnatus
866 1848 1045 1909 patitur
1060 1846 1264 1895 dolores
1278 1846 1564 1898 irhensoa&
1578 1846 1691 1906 quia
1708 1845 1826 1906 pati-

94 1921 192 1960 tut⁷
216 1907 466 1956 immenso
486 1910 662 1972 pariter
689 1920 921 1972 tempore
936 1942 948 1961 ‚
980 1912 1160 1971 quovis
1184 1912 1235 1957 in
1254 1922 1486 1972 tempore
1508 1910 1689 1972 patitur
1707 1906 1829 1954 iem-

96 1972 335 2034 piternos.
452 1972 511 2018 In
549 1970 734 2035 lingula
779 1986 1047 2020 momenta
1091 1973 1281 2034 colligit
1309 1971 1485 2020 cunstat
1525 1970 1669 2018 fimul
1711 1985 1826 2018 mo-

96 2045 292 2087 menta,
327 2033 503 2095 jugiter
525 2034 762 2083 oberrans
793 2037 950 2083 menti
976 2037 1242 2084 aeternitas:
1279 2036 1459 2097 patitur
1481 2034 1685 2082 dolores
1709 2048 1827 2097 prae-

96 2096 279 2148 sentes,
315 2096 397 2143 sed.
424 2098 474 2144 Sc
495 2095 689 2144 futuros
711 2099 892 2161 patitur
913 2131 926 2149 ‚
970 2101 1085 2159 quia
1108 2098 1383 2146 intelleetus
1410 2095 1523 2145 fistit
1542 2096 1823 2162 praesentes:

96 2171 353 2206 tormenta
381 2159 520 2206 sentit
543 2191 555 2209 ,
592 2162 640 2208 &
671 2163 786 2221 quia
810 2162 950 2207 sentit
972 2177 1080 2210 non
1101 2160 1345 2212 finienda,
1375 2174 1539 2208 totam
1567 2163 1617 2208 in
1644 2161 1825 2222 quovis

96 2234 372 2270 momento
395 2221 659 2269 collec‘tam
686 2223 825 2269 sentit
839 2236 1216 2272 tormentorum
1242 2226 1592 2272 aeternitatem:
1628 2224 1824 2277 scilicet,

99 2287 207 2347 quod
241 2288 410 2346 quisque
431 2286 584 2330 timere
610 2287 720 2343 cepit
739 2319 753 2335 ,
781 2284 1023 2395 jamssaffiff
1045 2286 1122 2339 est,
1148 2284 1336 2349 unique
1365 2285 1583 2335 insistens
1605 2287 1794 2352 planeto
1811 2319 1823 2339 ‚
1855 2303 2034 2355 Gregor,
2063 2295 2071 2306 '

97 2360 214 2396 toto
245 2347 510 2396 damnatos
541 2347 767 2411 pondere
798 2380 811 2399 ‚
847 2363 877 2411 p
937 2351 1027 2396 mit
1055 2350 1236 2413 globus
1275 2353 1567 2399 aeternitatis.
1669 2352 1823 2396 MEL:
1853 2363 1986 2411 Naz„

100 2410 267 2458 Placet
277 2409 492 2464 Ascefis‚
512 2425 667 2471 quam
688 2422 887 2459 acutam
913 2413 963 2459 in
983 2413 1360 2462 Damnatorum
1377 2414 1608 2479 supplicia
1631 2410 1658 2462 ὲ
1679 2411 1825 2461 Patri-

99 2471 189 2521 bus
207 2476 396 2522 recitas.
497 2474 570 2522 Ita
588 2469 677 2520 est:
710 2473 814 2521 haee
832 2471 916 2527 est,
939 2473 1057 2529 {usta
1069 2477 1119 2526 N
1126 2479 1305 2525 uminis
1325 2480 1394 2526 ira
1409 2490 1574 2526 totam
1599 2477 1758 2525 saevire
1774 2475 1824 2520 in

101 2534 422 2594 Creaturam,
449 2551 558 2599 quae
587 2549 697 2587 tota
721 2533 871 2588 saeviit
911 2539 962 2589 in
992 2540 1307 2592 Creatorem.
1409 2542 1668 2650 Cruciatsus
1710 2551 1825 2600 prae-

1625 2613 1760 2650 entes
