<?xml version="1.0" encoding="UTF-8"?>
<!DOCTYPE html PUBLIC "-//W3C//DTD XHTML 1.0 Transitional//EN"
    "http://www.w3.org/TR/xhtml1/DTD/xhtml1-transitional.dtd">
<html xmlns="http://www.w3.org/1999/xhtml" xml:lang="en" lang="en">
 <head>
  <title>
</title>
<meta http-equiv="Content-Type" content="text/html;charset=utf-8" />
  <meta name='ocr-system' content='tesseract 3.04.00' />
  <meta name='ocr-capabilities' content='ocr_page ocr_carea ocr_par ocr_line ocrx_word'/>
</head>
<body>
  <div class='ocr_page' id='page_1' title='image "./nostritemporisph00schw/nostritemporisph00schw_0279.png"; bbox 0 0 2175 2911; ppageno 0'>
   <div class='ocr_carea' id='block_1_1' title="bbox 808 67 1252 122">
    <p class='ocr_par' dir='ltr' id='par_1_1' title="bbox 808 67 1252 122">
     <span class='ocr_line' id='line_1_1' title="bbox 808 67 1252 122; baseline 0.014 -7"><span class='ocrx_word' id='word_1_1' title='bbox 808 67 1252 122; x_wconf 86' lang='lat' dir='ltr'><em>DEDICATIO.</em></span> 
     </span>
    </p>
   </div>
   <div class='ocr_carea' id='block_1_2' title="bbox 53 153 1893 2623">
    <p class='ocr_par' dir='ltr' id='par_1_2' title="bbox 252 153 1794 473">
     <span class='ocr_line' id='line_1_2' title="bbox 276 153 1319 216; baseline 0.01 -16"><span class='ocrx_word' id='word_1_2' title='bbox 276 184 280 187; x_wconf 91' lang='lat'><em>-</em></span> <span class='ocrx_word' id='word_1_3' title='bbox 717 153 1075 204; x_wconf 84' lang='lat' dir='ltr'>Defiderantur</span> <span class='ocrx_word' id='word_1_4' title='bbox 1098 158 1319 216; x_wconf 87' lang='lat' dir='ltr'>Patroni,</span> 
     </span>
     <span class='ocr_line' id='line_1_3' title="bbox 252 214 1794 291; baseline 0.01 -25"><span class='ocrx_word' id='word_1_5' title='bbox 252 217 358 284; x_wconf 83' lang='lat' dir='ltr'>Qi</span> <span class='ocrx_word' id='word_1_6' title='bbox 386 224 564 267; x_wconf 83' lang='lat' dir='ltr'>contra</span> <span class='ocrx_word' id='word_1_7' title='bbox 583 218 827 282; x_wconf 86' lang='lat' dir='ltr'>temporis</span> <span class='ocrx_word' id='word_1_8' title='bbox 854 214 1010 266; x_wconf 85' lang='lat' dir='ltr'>nostri</span> <span class='ocrx_word' id='word_1_9' title='bbox 1042 221 1218 269; x_wconf 89' lang='lat' dir='ltr'>Zoilos</span> <span class='ocrx_word' id='word_1_10' title='bbox 1240 224 1523 291; x_wconf 86' lang='lat' dir='ltr'>Peripatum</span> <span class='ocrx_word' id='word_1_11' title='bbox 1547 241 1794 281; x_wconf 88' lang='lat' dir='ltr'>tucantur.</span> 
     </span>
     <span class='ocr_line' id='line_1_4' title="bbox 818 280 1233 337; baseline 0.005 -8"><span class='ocrx_word' id='word_1_12' title='bbox 818 280 1049 330; x_wconf 77' lang='lat' dir='ltr'><strong>Invenies</strong></span> <span class='ocrx_word' id='word_1_13' title='bbox 1078 297 1233 337; x_wconf 83' lang='lat' dir='ltr'>raros,</span> 
     </span>
     <span class='ocr_line' id='line_1_5' title="bbox 297 341 1652 409; baseline 0.011 -19"><span class='ocrx_word' id='word_1_14' title='bbox 297 358 311 365; x_wconf 89' lang='lat'>·</span> <span class='ocrx_word' id='word_1_15' title='bbox 375 342 480 406; x_wconf 83' lang='lat' dir='ltr'>Qi</span> <span class='ocrx_word' id='word_1_16' title='bbox 504 341 711 409; x_wconf 68' lang='lat' dir='ltr'>Episteti</span> <span class='ocrx_word' id='word_1_17' title='bbox 738 341 996 392; x_wconf 80' lang='lat' dir='ltr'>lucernam</span> <span class='ocrx_word' id='word_1_18' title='bbox 1029 342 1231 395; x_wconf 59' lang='lat' dir='ltr'>fictilem</span> <span class='ocrx_word' id='word_1_19' title='bbox 1256 346 1355 403; x_wconf 84' lang='lat' dir='ltr'>jam</span> <span class='ocrx_word' id='word_1_20' title='bbox 1381 351 1652 405; x_wconf 85' lang='lat' dir='ltr'>licitantut:</span> 
     </span>
     <span class='ocr_line' id='line_1_6' title="bbox 628 405 1404 473; baseline 0.008 -19"><span class='ocrx_word' id='word_1_21' title='bbox 628 405 837 457; x_wconf 90' lang='lat' dir='ltr'>Utinam</span> <span class='ocrx_word' id='word_1_22' title='bbox 858 422 966 455; x_wconf 92' lang='lat' dir='ltr'>non</span> <span class='ocrx_word' id='word_1_23' title='bbox 984 409 1204 456; x_wconf 88' lang='lat' dir='ltr'>invenias</span> <span class='ocrx_word' id='word_1_24' title='bbox 1224 410 1404 473; x_wconf 85' lang='lat' dir='ltr'>plures,</span> 
     </span>
    </p>

    <p class='ocr_par' dir='ltr' id='par_1_3' title="bbox 53 469 1887 666">
     <span class='ocr_line' id='line_1_7' title="bbox 53 469 1887 548; baseline 0.006 -27"><span class='ocrx_word' id='word_1_25' title='bbox 53 469 252 540; x_wconf 84' lang='lat' dir='ltr'>Qibus</span> <span class='ocrx_word' id='word_1_26' title='bbox 286 469 455 521; x_wconf 87' lang='lat' dir='ltr'>eviluit</span> <span class='ocrx_word' id='word_1_27' title='bbox 468 470 671 535; x_wconf 84' lang='lat' dir='ltr'>Stagira‚</span> <span class='ocrx_word' id='word_1_28' title='bbox 686 469 865 531; x_wconf 87' lang='lat' dir='ltr'>quibus</span> <span class='ocrx_word' id='word_1_29' title='bbox 885 469 1090 518; x_wconf 86' lang='lat' dir='ltr'>exosum</span> <span class='ocrx_word' id='word_1_30' title='bbox 1108 471 1340 527; x_wconf 85' lang='lat' dir='ltr'>Nomen,</span> <span class='ocrx_word' id='word_1_31' title='bbox 1360 482 1554 539; x_wconf 83' lang='lat' dir='ltr'>epomis</span> <span class='ocrx_word' id='word_1_32' title='bbox 1571 486 1887 548; x_wconf 75' lang='lat' dir='ltr'>contempta!</span> 
     </span>
     <span class='ocr_line' id='line_1_8' title="bbox 299 531 1728 600; baseline 0.007 -15"><span class='ocrx_word' id='word_1_33' title='bbox 299 533 399 585; x_wconf 87' lang='lat' dir='ltr'>Sed</span> <span class='ocrx_word' id='word_1_34' title='bbox 421 549 530 583; x_wconf 88' lang='lat' dir='ltr'>non</span> <span class='ocrx_word' id='word_1_35' title='bbox 550 532 740 598; x_wconf 86' lang='lat' dir='ltr'>indiges</span> <span class='ocrx_word' id='word_1_36' title='bbox 769 532 996 582; x_wconf 80' lang='lat' dir='ltr'>Patrono</span> <span class='ocrx_word' id='word_1_37' title='bbox 1013 565 1026 587; x_wconf 88' lang='lat'>‚</span> <span class='ocrx_word' id='word_1_38' title='bbox 1044 531 1079 581; x_wconf 89' lang='lat' dir='ltr'>s1</span> <span class='ocrx_word' id='word_1_39' title='bbox 1096 533 1241 582; x_wconf 88' lang='lat' dir='ltr'>Illam</span> <span class='ocrx_word' id='word_1_40' title='bbox 1264 534 1417 586; x_wconf 86' lang='lat' dir='ltr'>habes</span> <span class='ocrx_word' id='word_1_41' title='bbox 1439 542 1728 600; x_wconf 81' lang='lat' dir='ltr'>Patronam,</span> 
     </span>
     <span class='ocr_line' id='line_1_9' title="bbox 329 591 1695 666; baseline 0.01 -22"><span class='ocrx_word' id='word_1_42' title='bbox 329 598 458 666; x_wconf 82' lang='lat' dir='ltr'>Quae</span> <span class='ocrx_word' id='word_1_43' title='bbox 479 597 591 664; x_wconf 87' lang='lat' dir='ltr'>plus</span> <span class='ocrx_word' id='word_1_44' title='bbox 612 611 711 645; x_wconf 88' lang='lat' dir='ltr'>una</span> <span class='ocrx_word' id='word_1_45' title='bbox 728 591 917 659; x_wconf 88' lang='lat' dir='ltr'>potest,</span> <span class='ocrx_word' id='word_1_46' title='bbox 941 595 1098 658; x_wconf 75' lang='lat' dir='ltr'>quam</span> <span class='ocrx_word' id='word_1_47' title='bbox 1118 610 1300 646; x_wconf 89' lang='lat' dir='ltr'>omnes</span> <span class='ocrx_word' id='word_1_48' title='bbox 1318 598 1461 650; x_wconf 78' lang='lat' dir='ltr'>simul</span> <span class='ocrx_word' id='word_1_49' title='bbox 1475 604 1695 657; x_wconf 84' lang='lat' dir='ltr'>Patroni.</span> 
     </span>
    </p>

    <p class='ocr_par' dir='ltr' id='par_1_4' title="bbox 235 657 1771 1223">
     <span class='ocr_line' id='line_1_10' title="bbox 557 657 1460 715; baseline 0.006 -5"><span class='ocrx_word' id='word_1_50' title='bbox 557 660 653 711; x_wconf 85' lang='lat' dir='ltr'>Fac</span> <span class='ocrx_word' id='word_1_51' title='bbox 670 657 881 708; x_wconf 87' lang='lat' dir='ltr'>sufficias</span> <span class='ocrx_word' id='word_1_52' title='bbox 904 657 1023 712; x_wconf 84' lang='lat' dir='ltr'>soli,</span> <span class='ocrx_word' id='word_1_53' title='bbox 1045 661 1095 709; x_wconf 85' lang='lat'>&amp;</span> <span class='ocrx_word' id='word_1_54' title='bbox 1118 658 1325 710; x_wconf 88' lang='lat' dir='ltr'>sufficiet</span> <span class='ocrx_word' id='word_1_55' title='bbox 1340 662 1460 715; x_wconf 86' lang='lat' dir='ltr'>sola.</span> 
     </span>
     <span class='ocr_line' id='line_1_11' title="bbox 762 720 1252 778; baseline 0.008 -10"><span class='ocrx_word' id='word_1_56' title='bbox 762 720 885 778; x_wconf 85' lang='lat' dir='ltr'>Jure</span> <span class='ocrx_word' id='word_1_57' title='bbox 916 732 965 770; x_wconf 90' lang='lat' dir='ltr'>te</span> <span class='ocrx_word' id='word_1_58' title='bbox 991 721 1252 772; x_wconf 79' lang='lat' dir='ltr'>consecras</span> 
     </span>
     <span class='ocr_line' id='line_1_12' title="bbox 749 783 1256 846; baseline 0.004 -16"><span class='ocrx_word' id='word_1_59' title='bbox 749 784 899 830; x_wconf 73' lang='lat' dir='ltr'>Matri</span> <span class='ocrx_word' id='word_1_60' title='bbox 917 783 1229 846; x_wconf 73' lang='lat' dir='ltr'>Liberaliffimae</span> <span class='ocrx_word' id='word_1_61' title='bbox 1242 803 1256 832; x_wconf 90' lang='lat'>.·</span> 
     </span>
     <span class='ocr_line' id='line_1_13' title="bbox 945 849 1085 898; baseline -0.014 0"><span class='ocrx_word' id='word_1_62' title='bbox 945 849 1085 898; x_wconf 86' lang='lat' dir='ltr'>Nam</span> 
     </span>
     <span class='ocr_line' id='line_1_14' title="bbox 331 905 1690 984; baseline 0.007 -23"><span class='ocrx_word' id='word_1_63' title='bbox 331 908 548 975; x_wconf 84' lang='lat' dir='ltr'>Asylum</span> <span class='ocrx_word' id='word_1_64' title='bbox 567 905 637 959; x_wconf 89' lang='lat' dir='ltr'>est</span> <span class='ocrx_word' id='word_1_65' title='bbox 655 906 837 959; x_wconf 79' lang='lat' dir='ltr'>miseris</span> <span class='ocrx_word' id='word_1_66' title='bbox 851 943 864 965; x_wconf 89' lang='lat'><strong><em>‚</em></strong></span> <span class='ocrx_word' id='word_1_67' title='bbox 886 909 1063 960; x_wconf 81' lang='lat' dir='ltr'>Altare</span> <span class='ocrx_word' id='word_1_68' title='bbox 1082 914 1175 962; x_wconf 81' lang='lat' dir='ltr'>reis</span> <span class='ocrx_word' id='word_1_69' title='bbox 1191 945 1205 967; x_wconf 86' lang='lat'>‚</span> <span class='ocrx_word' id='word_1_70' title='bbox 1224 913 1472 966; x_wconf 84' lang='lat' dir='ltr'>AErarium</span> <span class='ocrx_word' id='word_1_71' title='bbox 1497 922 1690 984; x_wconf 85' lang='lat' dir='ltr'>egenis:</span> 
     </span>
     <span class='ocr_line' id='line_1_15' title="bbox 306 973 1695 1039; baseline 0.009 -17"><span class='ocrx_word' id='word_1_72' title='bbox 306 974 564 1025; x_wconf 85' lang='lat' dir='ltr'>Omnibus</span> <span class='ocrx_word' id='word_1_73' title='bbox 596 973 781 1025; x_wconf 82' lang='lat' dir='ltr'>donat,</span> <span class='ocrx_word' id='word_1_74' title='bbox 806 976 1004 1039; x_wconf 83' lang='lat' dir='ltr'>ingratis</span> <span class='ocrx_word' id='word_1_75' title='bbox 1022 977 1226 1039; x_wconf 83' lang='lat' dir='ltr'>ingerit,</span> <span class='ocrx_word' id='word_1_76' title='bbox 1259 979 1423 1029; x_wconf 88' lang='lat' dir='ltr'>invitis</span> <span class='ocrx_word' id='word_1_77' title='bbox 1446 981 1695 1034; x_wconf 84' lang='lat' dir='ltr'>obtrudit:</span> 
     </span>
     <span class='ocr_line' id='line_1_16' title="bbox 398 1036 1609 1094; baseline 0.007 -8"><span class='ocrx_word' id='word_1_78' title='bbox 398 1038 678 1086; x_wconf 89' lang='lat' dir='ltr'>Neminem</span> <span class='ocrx_word' id='word_1_79' title='bbox 699 1036 926 1085; x_wconf 64' lang='lat' dir='ltr'>relictura</span> <span class='ocrx_word' id='word_1_80' title='bbox 957 1038 1194 1087; x_wconf 82' lang='lat' dir='ltr'>miserum</span> <span class='ocrx_word' id='word_1_81' title='bbox 1211 1071 1224 1093; x_wconf 86' lang='lat'>‚</span> <span class='ocrx_word' id='word_1_82' title='bbox 1245 1040 1333 1090; x_wconf 80' lang='lat' dir='ltr'>nisi</span> <span class='ocrx_word' id='word_1_83' title='bbox 1351 1042 1444 1091; x_wconf 82' lang='lat' dir='ltr'>effe</span> <span class='ocrx_word' id='word_1_84' title='bbox 1468 1047 1609 1094; x_wconf 88' lang='lat' dir='ltr'>velit:</span> 
     </span>
     <span class='ocr_line' id='line_1_17' title="bbox 235 1094 1771 1166; baseline 0.005 -16"><span class='ocrx_word' id='word_1_85' title='bbox 235 1094 353 1150; x_wconf 66' lang='lat' dir='ltr'>Im‘o</span> <span class='ocrx_word' id='word_1_86' title='bbox 380 1113 547 1162; x_wconf 88' lang='lat' dir='ltr'>neque</span> <span class='ocrx_word' id='word_1_87' title='bbox 577 1112 757 1147; x_wconf 89' lang='lat' dir='ltr'>omnes</span> <span class='ocrx_word' id='word_1_88' title='bbox 781 1101 962 1161; x_wconf 83' lang='lat' dir='ltr'>patitur</span> <span class='ocrx_word' id='word_1_89' title='bbox 982 1100 1075 1147; x_wconf 88' lang='lat' dir='ltr'>esse</span> <span class='ocrx_word' id='word_1_90' title='bbox 1097 1101 1325 1156; x_wconf 85' lang='lat' dir='ltr'>miseros,</span> <span class='ocrx_word' id='word_1_91' title='bbox 1347 1108 1434 1166; x_wconf 86' lang='lat' dir='ltr'>qui</span> <span class='ocrx_word' id='word_1_92' title='bbox 1457 1107 1551 1157; x_wconf 81' lang='lat' dir='ltr'>esse</span> <span class='ocrx_word' id='word_1_93' title='bbox 1574 1109 1771 1160; x_wconf 89' lang='lat' dir='ltr'>volunt.</span> 
     </span>
     <span class='ocr_line' id='line_1_18' title="bbox 361 1160 1504 1223; baseline 0.007 -14"><span class='ocrx_word' id='word_1_94' title='bbox 361 1169 364 1172; x_wconf 75' lang='grc'><em>’</em></span> <span class='ocrx_word' id='word_1_95' title='bbox 506 1160 731 1211; x_wconf 82' lang='lat' dir='ltr'>Ptaefecit</span> <span class='ocrx_word' id='word_1_96' title='bbox 749 1161 894 1209; x_wconf 88' lang='lat' dir='ltr'>Illam</span> <span class='ocrx_word' id='word_1_97' title='bbox 919 1162 1094 1213; x_wconf 89' lang='lat' dir='ltr'><strong>DEUS</strong></span> <span class='ocrx_word' id='word_1_98' title='bbox 1122 1163 1376 1223; x_wconf 85' lang='lat' dir='ltr'>Beneficijs</span> <span class='ocrx_word' id='word_1_99' title='bbox 1396 1167 1504 1222; x_wconf 88' lang='lat' dir='ltr'>suis,</span> 
     </span>
    </p>

    <p class='ocr_par' dir='ltr' id='par_1_5' title="bbox 160 1223 1839 1544">
     <span class='ocr_line' id='line_1_19' title="bbox 160 1223 1839 1297; baseline 0.007 -23"><span class='ocrx_word' id='word_1_100' title='bbox 160 1224 230 1279; x_wconf 90' lang='lat' dir='ltr'>Ut</span> <span class='ocrx_word' id='word_1_101' title='bbox 246 1239 355 1288; x_wconf 85' lang='lat' dir='ltr'>quae</span> <span class='ocrx_word' id='word_1_102' title='bbox 383 1223 531 1274; x_wconf 87' lang='lat' dir='ltr'>nobis</span> <span class='ocrx_word' id='word_1_103' title='bbox 554 1223 764 1273; x_wconf 88' lang='lat' dir='ltr'>donavit</span> <span class='ocrx_word' id='word_1_104' title='bbox 781 1224 987 1275; x_wconf 91' lang='lat' dir='ltr'>DEUM</span> <span class='ocrx_word' id='word_1_105' title='bbox 1001 1257 1014 1278; x_wconf 85' lang='lat'>‚</span> <span class='ocrx_word' id='word_1_106' title='bbox 1034 1239 1122 1289; x_wconf 77' lang='lat' dir='ltr'>per</span> <span class='ocrx_word' id='word_1_107' title='bbox 1139 1226 1343 1277; x_wconf 89' lang='lat' dir='ltr'>DEUM</span> <span class='ocrx_word' id='word_1_108' title='bbox 1375 1235 1548 1282; x_wconf 86' lang='lat' dir='ltr'>omnia</span> <span class='ocrx_word' id='word_1_109' title='bbox 1569 1234 1839 1297; x_wconf 82' lang='lat' dir='ltr'>largiretur.</span> 
     </span>
     <span class='ocr_line' id='line_1_20' title="bbox 173 1284 1833 1350; baseline 0.008 -16"><span class='ocrx_word' id='word_1_110' title='bbox 173 1290 289 1342; x_wconf 88' lang='lat' dir='ltr'>Nec</span> <span class='ocrx_word' id='word_1_111' title='bbox 310 1284 445 1336; x_wconf 90' lang='lat' dir='ltr'>deest</span> <span class='ocrx_word' id='word_1_112' title='bbox 467 1288 536 1335; x_wconf 88' lang='lat' dir='ltr'>illi</span> <span class='ocrx_word' id='word_1_113' title='bbox 554 1286 788 1336; x_wconf 90' lang='lat' dir='ltr'>voluntas</span> <span class='ocrx_word' id='word_1_114' title='bbox 808 1286 1060 1341; x_wconf 88' lang='lat' dir='ltr'>donandi,</span> <span class='ocrx_word' id='word_1_115' title='bbox 1085 1302 1194 1350; x_wconf 89' lang='lat' dir='ltr'>quae</span> <span class='ocrx_word' id='word_1_116' title='bbox 1214 1288 1241 1337; x_wconf 76' lang='grc' dir='ltr'>ὲ.</span> <span class='ocrx_word' id='word_1_117' title='bbox 1261 1290 1408 1341; x_wconf 82' lang='grc' dir='ltr'>1)Εο</span> <span class='ocrx_word' id='word_1_118' title='bbox 1430 1292 1619 1345; x_wconf 80' lang='lat' dir='ltr'>donate</span> <span class='ocrx_word' id='word_1_119' title='bbox 1640 1297 1833 1348; x_wconf 89' lang='lat' dir='ltr'>didicit:</span> 
     </span>
     <span class='ocr_line' id='line_1_21' title="bbox 202 1349 1808 1463; baseline 0.005 -62"><span class='ocrx_word' id='word_1_120' title='bbox 202 1352 319 1408; x_wconf 83' lang='lat' dir='ltr'>Nec</span> <span class='ocrx_word' id='word_1_121' title='bbox 337 1351 541 1402; x_wconf 86' lang='lat' dir='ltr'>facultas</span> <span class='ocrx_word' id='word_1_122' title='bbox 555 1381 568 1405; x_wconf 88' lang='lat'>‚</span> <span class='ocrx_word' id='word_1_123' title='bbox 597 1362 752 1412; x_wconf 83' lang='lat' dir='ltr'>quam</span> <span class='ocrx_word' id='word_1_124' title='bbox 772 1349 1101 1463; x_wconf 57' lang='lat' dir='ltr'>DEU-{Ipene</span> <span class='ocrx_word' id='word_1_125' title='bbox 1122 1351 1336 1402; x_wconf 82' lang='lat' dir='ltr'>reddidit</span> <span class='ocrx_word' id='word_1_126' title='bbox 1363 1356 1808 1423; x_wconf 72' lang='lat' dir='ltr'>omnipotentem,</span> 
     </span>
     <span class='ocr_line' id='line_1_22' title="bbox 979 1428 1060 1462; baseline 0.012 -1"><span class='ocrx_word' id='word_1_127' title='bbox 979 1428 1060 1462; x_wconf 77' lang='lat' dir='ltr'>inc</span> 
     </span>
     <span class='ocr_line' id='line_1_23' title="bbox 532 1475 1477 1544; baseline 0.005 -20"><span class='ocrx_word' id='word_1_128' title='bbox 532 1475 867 1544; x_wconf 76' lang='lat' dir='ltr'>Potentiffimam</span> <span class='ocrx_word' id='word_1_129' title='bbox 886 1475 1001 1526; x_wconf 86' lang='lat' dir='ltr'>scias</span> <span class='ocrx_word' id='word_1_130' title='bbox 1028 1478 1207 1540; x_wconf 78' lang='lat' dir='ltr'>pariter</span> <span class='ocrx_word' id='word_1_131' title='bbox 1224 1481 1477 1534; x_wconf 79' lang='lat' dir='ltr'>Dominam,</span> 
     </span>
    </p>

    <p class='ocr_par' dir='ltr' id='par_1_6' title="bbox 374 1538 1621 1669">
     <span class='ocr_line' id='line_1_24' title="bbox 374 1538 1621 1608; baseline 0.007 -19"><span class='ocrx_word' id='word_1_132' title='bbox 374 1539 516 1608; x_wconf 84' lang='lat' dir='ltr'>Qid</span> <span class='ocrx_word' id='word_1_133' title='bbox 538 1543 676 1590; x_wconf 87' lang='lat' dir='ltr'>enim</span> <span class='ocrx_word' id='word_1_134' title='bbox 696 1557 805 1590; x_wconf 89' lang='lat' dir='ltr'>non</span> <span class='ocrx_word' id='word_1_135' title='bbox 822 1538 968 1605; x_wconf 77' lang='lat' dir='ltr'>possit</span> <span class='ocrx_word' id='word_1_136' title='bbox 989 1540 1076 1589; x_wconf 85' lang='lat' dir='ltr'>Illa</span> <span class='ocrx_word' id='word_1_137' title='bbox 1090 1573 1102 1594; x_wconf 83' lang='lat'>‚</span> <span class='ocrx_word' id='word_1_138' title='bbox 1126 1556 1236 1606; x_wconf 87' lang='lat' dir='ltr'>quae</span> <span class='ocrx_word' id='word_1_139' title='bbox 1260 1541 1425 1608; x_wconf 85' lang='lat' dir='ltr'>potest</span> <span class='ocrx_word' id='word_1_140' title='bbox 1445 1546 1621 1598; x_wconf 81' lang='lat' dir='ltr'>omnia</span> 
     </span>
     <span class='ocr_line' id='line_1_25' title="bbox 633 1603 1360 1669; baseline 0.004 -15"><span class='ocrx_word' id='word_1_141' title='bbox 633 1605 692 1654; x_wconf 89' lang='lat' dir='ltr'>In</span> <span class='ocrx_word' id='word_1_142' title='bbox 714 1603 875 1669; x_wconf 86' lang='lat' dir='ltr'>ipsum</span> <span class='ocrx_word' id='word_1_143' title='bbox 900 1604 1360 1669; x_wconf 81' lang='lat' dir='ltr'>Omnipotentem?</span> 
     </span>
    </p>

    <p class='ocr_par' dir='ltr' id='par_1_7' title="bbox 480 1664 1508 1727">
     <span class='ocr_line' id='line_1_26' title="bbox 480 1664 1508 1727; baseline 0.006 -12"><span class='ocrx_word' id='word_1_144' title='bbox 480 1664 863 1716; x_wconf 82' lang='lat' dir='ltr'>Thesaurariam</span> <span class='ocrx_word' id='word_1_145' title='bbox 892 1666 1080 1722; x_wconf 83' lang='lat' dir='ltr'>voluit,</span> <span class='ocrx_word' id='word_1_146' title='bbox 1101 1671 1152 1719; x_wconf 73' lang='lat' dir='ltr'>&lt;Sc</span> <span class='ocrx_word' id='word_1_147' title='bbox 1176 1669 1508 1727; x_wconf 85' lang='lat' dir='ltr'>Thesaurum‚</span> 
     </span>
    </p>

    <p class='ocr_par' dir='ltr' id='par_1_8' title="bbox 345 1729 1644 1800">
     <span class='ocr_line' id='line_1_27' title="bbox 345 1729 1644 1800; baseline 0.005 -21"><span class='ocrx_word' id='word_1_148' title='bbox 345 1729 525 1786; x_wconf 86' lang='lat' dir='ltr'>Hunc,</span> <span class='ocrx_word' id='word_1_149' title='bbox 543 1742 599 1780; x_wconf 90' lang='lat' dir='ltr'>ut</span> <span class='ocrx_word' id='word_1_150' title='bbox 621 1729 807 1797; x_wconf 81' lang='lat' dir='ltr'>poffet3</span> <span class='ocrx_word' id='word_1_151' title='bbox 832 1730 995 1785; x_wconf 84' lang='lat' dir='ltr'>Illam,</span> <span class='ocrx_word' id='word_1_152' title='bbox 1016 1742 1070 1780; x_wconf 88' lang='lat' dir='ltr'>ut</span> <span class='ocrx_word' id='word_1_153' title='bbox 1097 1732 1247 1782; x_wconf 89' lang='lat' dir='ltr'>vellet</span> <span class='ocrx_word' id='word_1_154' title='bbox 1271 1734 1433 1800; x_wconf 79' lang='lat' dir='ltr'>largiri</span> <span class='ocrx_word' id='word_1_155' title='bbox 1456 1737 1644 1786; x_wconf 77' lang='lat' dir='ltr'>omnia·</span> 
     </span>
    </p>

    <p class='ocr_par' dir='ltr' id='par_1_9' title="bbox 730 1793 1249 1858">
     <span class='ocr_line' id='line_1_28' title="bbox 730 1793 1249 1858; baseline 0.004 -15"><span class='ocrx_word' id='word_1_156' title='bbox 730 1794 793 1844; x_wconf 87' lang='lat' dir='ltr'>Se</span> <span class='ocrx_word' id='word_1_157' title='bbox 815 1793 974 1858; x_wconf 88' lang='lat' dir='ltr'>ipsum</span> <span class='ocrx_word' id='word_1_158' title='bbox 1001 1794 1076 1843; x_wconf 91' lang='lat' dir='ltr'>Illi</span> <span class='ocrx_word' id='word_1_159' title='bbox 1097 1795 1249 1851; x_wconf 88' lang='lat' dir='ltr'>dedit,</span> 
     </span>
    </p>

    <p class='ocr_par' dir='ltr' id='par_1_10' title="bbox 444 1856 1541 1924">
     <span class='ocr_line' id='line_1_29' title="bbox 444 1856 1541 1924; baseline 0.004 -18"><span class='ocrx_word' id='word_1_160' title='bbox 444 1856 550 1924; x_wconf 86' lang='lat' dir='ltr'>Qi</span> <span class='ocrx_word' id='word_1_161' title='bbox 572 1857 748 1907; x_wconf 90' lang='lat' dir='ltr'>omnia</span> <span class='ocrx_word' id='word_1_162' title='bbox 766 1872 854 1922; x_wconf 82' lang='lat' dir='ltr'>per</span> <span class='ocrx_word' id='word_1_163' title='bbox 877 1857 1019 1907; x_wconf 87' lang='lat' dir='ltr'>Illam</span> <span class='ocrx_word' id='word_1_164' title='bbox 1039 1856 1223 1907; x_wconf 87' lang='lat' dir='ltr'>habere</span> <span class='ocrx_word' id='word_1_165' title='bbox 1243 1875 1339 1910; x_wconf 91' lang='lat' dir='ltr'>nos</span> <span class='ocrx_word' id='word_1_166' title='bbox 1365 1861 1541 1912; x_wconf 87' lang='lat' dir='ltr'>voluit.</span> 
     </span>
    </p>

    <p class='ocr_par' dir='ltr' id='par_1_11' title="bbox 306 1918 1678 1989">
     <span class='ocr_line' id='line_1_30' title="bbox 306 1918 1678 1989; baseline 0.007 -22"><span class='ocrx_word' id='word_1_167' title='bbox 306 1918 472 1968; x_wconf 68' lang='lat' dir='ltr'>Sansti</span> <span class='ocrx_word' id='word_1_168' title='bbox 490 1925 758 1985; x_wconf 82' lang='lat' dir='ltr'>impetrant</span> <span class='ocrx_word' id='word_1_169' title='bbox 782 1920 1017 1984; x_wconf 81' lang='lat' dir='ltr'>rogando</span> <span class='ocrx_word' id='word_1_170' title='bbox 1036 1952 1048 1975; x_wconf 84' lang='lat'>‚</span> <span class='ocrx_word' id='word_1_171' title='bbox 1065 1923 1185 1970; x_wconf 86' lang='lat' dir='ltr'>Haee</span> <span class='ocrx_word' id='word_1_172' title='bbox 1212 1938 1338 1986; x_wconf 90' lang='lat' dir='ltr'>pene</span> <span class='ocrx_word' id='word_1_173' title='bbox 1359 1926 1678 1989; x_wconf 82' lang='lat' dir='ltr'>imperando,</span> 
     </span>
    </p>

    <p class='ocr_par' dir='ltr' id='par_1_12' title="bbox 118 1979 1893 2623">
     <span class='ocr_line' id='line_1_31' title="bbox 249 1979 1658 2053; baseline 0.009 -25"><span class='ocrx_word' id='word_1_174' title='bbox 249 1992 252 2000; x_wconf 86' lang='grc'><strong>“</strong></span> <span class='ocrx_word' id='word_1_175' title='bbox 323 1980 559 2032; x_wconf 77' lang='lat' dir='ltr'>Subditus</span> <span class='ocrx_word' id='word_1_176' title='bbox 578 1984 706 2032; x_wconf 90' lang='lat' dir='ltr'>olim</span> <span class='ocrx_word' id='word_1_177' title='bbox 728 1984 904 2035; x_wconf 88' lang='lat' dir='ltr'><strong>DEUS</strong></span> <span class='ocrx_word' id='word_1_178' title='bbox 934 1979 1127 2048; x_wconf 82' lang='lat' dir='ltr'>pare&#39;ret</span> <span class='ocrx_word' id='word_1_179' title='bbox 1142 2017 1156 2039; x_wconf 85' lang='lat'>‚</span> <span class='ocrx_word' id='word_1_180' title='bbox 1178 1984 1213 2033; x_wconf 86' lang='lat' dir='ltr'>fi</span> <span class='ocrx_word' id='word_1_181' title='bbox 1235 1986 1322 2034; x_wconf 87' lang='lat' dir='ltr'>Illa</span> <span class='ocrx_word' id='word_1_182' title='bbox 1344 1990 1658 2053; x_wconf 79' lang='lat' dir='ltr'>praeciperet:</span> 
     </span>
     <span class='ocr_line' id='line_1_32' title="bbox 401 2041 1582 2113; baseline 0.007 -18"><span class='ocrx_word' id='word_1_183' title='bbox 401 2041 546 2096; x_wconf 73' lang='lat' dir='ltr'>Licet</span> <span class='ocrx_word' id='word_1_184' title='bbox 564 2061 676 2097; x_wconf 90' lang='lat' dir='ltr'>non</span> <span class='ocrx_word' id='word_1_185' title='bbox 694 2045 752 2096; x_wconf 86' lang='lat' dir='ltr'>fit</span> <span class='ocrx_word' id='word_1_186' title='bbox 772 2061 901 2111; x_wconf 89' lang='lat' dir='ltr'>opus</span> <span class='ocrx_word' id='word_1_187' title='bbox 920 2048 1142 2111; x_wconf 83' lang='lat' dir='ltr'>Imperio</span> <span class='ocrx_word' id='word_1_188' title='bbox 1165 2063 1280 2113; x_wconf 84' lang='lat' dir='ltr'>erga</span> <span class='ocrx_word' id='word_1_189' title='bbox 1301 2051 1582 2108; x_wconf 80' lang='lat' dir='ltr'>volentem,</span> 
     </span>
     <span class='ocr_line' id='line_1_33' title="bbox 590 2109 1391 2173; baseline 0.005 -14"><span class='ocrx_word' id='word_1_190' title='bbox 590 2110 784 2173; x_wconf 87' lang='lat' dir='ltr'>Legem</span> <span class='ocrx_word' id='word_1_191' title='bbox 813 2109 1067 2165; x_wconf 85' lang='lat' dir='ltr'>observat,</span> <span class='ocrx_word' id='word_1_192' title='bbox 1089 2125 1244 2173; x_wconf 84' lang='lat' dir='ltr'>quam</span> <span class='ocrx_word' id='word_1_193' title='bbox 1264 2113 1391 2169; x_wconf 87' lang='lat' dir='ltr'>tulit,</span> 
     </span>
     <span class='ocr_line' id='line_1_34' title="bbox 714 2173 1264 2224; baseline 0.004 -2"><span class='ocrx_word' id='word_1_194' title='bbox 714 2173 993 2222; x_wconf 85' lang='lat' dir='ltr'>Reveretur</span> <span class='ocrx_word' id='word_1_195' title='bbox 1014 2174 1264 2224; x_wconf 85' lang='lat' dir='ltr'>Matrem:</span> 
     </span>
     <span class='ocr_line' id='line_1_35' title="bbox 524 2231 1452 2307; baseline 0.006 -22"><span class='ocrx_word' id='word_1_196' title='bbox 524 2231 763 2300; x_wconf 80' lang='lat' dir='ltr'>Explorat</span> <span class='ocrx_word' id='word_1_197' title='bbox 784 2246 931 2288; x_wconf 85' lang='lat' dir='ltr'>vota,</span> <span class='ocrx_word' id='word_1_198' title='bbox 956 2239 1202 2299; x_wconf 80' lang='lat' dir='ltr'>praevettit</span> <span class='ocrx_word' id='word_1_199' title='bbox 1221 2240 1452 2307; x_wconf 80' lang='lat' dir='ltr'>Imperia.</span> 
     </span>
     <span class='ocr_line' id='line_1_36' title="bbox 872 2298 1110 2362; baseline 0.008 -15"><span class='ocrx_word' id='word_1_200' title='bbox 872 2298 1110 2362; x_wconf 91' lang='lat' dir='ltr'>Denique</span> 
     </span>
     <span class='ocr_line' id='line_1_37' title="bbox 749 2361 1228 2419; baseline 0.01 -10"><span class='ocrx_word' id='word_1_201' title='bbox 749 2361 871 2419; x_wconf 87' lang='lat' dir='ltr'>Jure</span> <span class='ocrx_word' id='word_1_202' title='bbox 897 2371 947 2410; x_wconf 90' lang='lat' dir='ltr'>te</span> <span class='ocrx_word' id='word_1_203' title='bbox 973 2362 1228 2414; x_wconf 82' lang='lat' dir='ltr'>consecras</span> 
     </span>
     <span class='ocr_line' id='line_1_38' title="bbox 556 2423 1893 2487; baseline 0.011 -18"><span class='ocrx_word' id='word_1_204' title='bbox 556 2423 823 2483; x_wconf 64' lang='lat' dir='ltr'>“Juventutis</span> <span class='ocrx_word' id='word_1_205' title='bbox 847 2426 1120 2474; x_wconf 66' lang='lat' dir='ltr'>⁸Academiae</span> <span class='ocrx_word' id='word_1_206' title='bbox 1139 2429 1414 2480; x_wconf 64' lang='lat' dir='ltr'>Proteffrici.</span> <span class='ocrx_word' id='word_1_207' title='bbox 1883 2481 1893 2487; x_wconf 73' lang='grc'><em>,</em></span> 
     </span>
     <span class='ocr_line' id='line_1_39' title="bbox 118 2483 1851 2561; baseline 0.005 -23"><span class='ocrx_word' id='word_1_208' title='bbox 118 2484 249 2544; x_wconf 82' lang='lat' dir='ltr'>Non</span> <span class='ocrx_word' id='word_1_209' title='bbox 275 2484 415 2539; x_wconf 88' lang='lat' dir='ltr'>enim</span> <span class='ocrx_word' id='word_1_210' title='bbox 437 2483 566 2537; x_wconf 83' lang='lat' dir='ltr'>ullus</span> <span class='ocrx_word' id='word_1_211' title='bbox 587 2486 884 2557; x_wconf 61' lang='lat' dir='ltr'>Sophotum</span> <span class='ocrx_word' id='word_1_212' title='bbox 907 2490 1048 2550; x_wconf 83' lang='lat' dir='ltr'>queri</span> <span class='ocrx_word' id='word_1_213' title='bbox 1076 2490 1139 2540; x_wconf 88' lang='lat' dir='ltr'>de</span> <span class='ocrx_word' id='word_1_214' title='bbox 1156 2491 1242 2541; x_wconf 87' lang='lat' dir='ltr'>Illa</span> <span class='ocrx_word' id='word_1_215' title='bbox 1264 2490 1456 2559; x_wconf 88' lang='lat' dir='ltr'>potest,</span> <span class='ocrx_word' id='word_1_216' title='bbox 1476 2495 1624 2544; x_wconf 86' lang='lat' dir='ltr'>etiam</span> <span class='ocrx_word' id='word_1_217' title='bbox 1645 2492 1851 2561; x_wconf 84' lang='lat' dir='ltr'>impius:</span> 
     </span>
     <span class='ocr_line' id='line_1_40' title="bbox 376 2548 1592 2623; baseline 0.002 -19"><span class='ocrx_word' id='word_1_218' title='bbox 376 2548 634 2610; x_wconf 61' lang='lat' dir='ltr'>Beneficus</span> <span class='ocrx_word' id='word_1_219' title='bbox 655 2551 881 2606; x_wconf 84' lang='lat' dir='ltr'>cumulat</span> <span class='ocrx_word' id='word_1_220' title='bbox 903 2551 1128 2618; x_wconf 80' lang='lat' dir='ltr'>indigos,</span> <span class='ocrx_word' id='word_1_221' title='bbox 1154 2555 1327 2614; x_wconf 76' lang='lat' dir='ltr'>obtuit</span> <span class='ocrx_word' id='word_1_222' title='bbox 1343 2557 1592 2623; x_wconf 84' lang='lat' dir='ltr'>indignos,</span> 
     </span>
    </p>
   </div>
   <div class='ocr_carea' id='block_1_3' title="bbox 1738 2621 1908 2679">
    <p class='ocr_par' dir='ltr' id='par_1_13' title="bbox 1738 2621 1908 2679">
     <span class='ocr_line' id='line_1_41' title="bbox 1738 2621 1908 2679; baseline 0 0"><span class='ocrx_word' id='word_1_223' title='bbox 1738 2671 1744 2679; x_wconf 92' lang='lat'><em>.</em></span> <span class='ocrx_word' id='word_1_224' title='bbox 1765 2621 1908 2679; x_wconf 77' lang='lat' dir='ltr'>Patet</span> 
     </span>
    </p>
   </div>
  </div>
 </body>
</html>
