<?xml version="1.0" encoding="UTF-8"?>
<!DOCTYPE html PUBLIC "-//W3C//DTD XHTML 1.0 Transitional//EN"
    "http://www.w3.org/TR/xhtml1/DTD/xhtml1-transitional.dtd">
<html xmlns="http://www.w3.org/1999/xhtml" xml:lang="en" lang="en">
 <head>
  <title>
</title>
<meta http-equiv="Content-Type" content="text/html;charset=utf-8" />
  <meta name='ocr-system' content='tesseract 3.04.00' />
  <meta name='ocr-capabilities' content='ocr_page ocr_carea ocr_par ocr_line ocrx_word'/>
</head>
<body>
  <div class='ocr_page' id='page_1' title='image "./nostritemporisph00schw/nostritemporisph00schw_0385.png"; bbox 0 0 2175 2911; ppageno 0'>
   <div class='ocr_carea' id='block_1_1' title="bbox 717 115 1730 184">
    <p class='ocr_par' dir='ltr' id='par_1_1' title="bbox 717 115 1730 184">
     <span class='ocr_line' id='line_1_1' title="bbox 717 115 1730 184; baseline 0.008 -17"><span class='ocrx_word' id='word_1_1' title='bbox 717 116 831 168; x_wconf 74' lang='lat' dir='ltr'><strong>Circe</strong></span> <span class='ocrx_word' id='word_1_2' title='bbox 855 116 1158 180; x_wconf 73' lang='lat' dir='ltr'><strong>Philosbphz&#39;ca.</strong></span> <span class='ocrx_word' id='word_1_3' title='bbox 1251 115 1259 122; x_wconf 48' lang='lat'>⁸</span> <span class='ocrx_word' id='word_1_4' title='bbox 1653 135 1730 184; x_wconf 16' lang='lat'><strong>*97</strong></span> 
     </span>
    </p>
   </div>
   <div class='ocr_carea' id='block_1_2' title="bbox 49 203 2047 2643">
    <p class='ocr_par' dir='ltr' id='par_1_2' title="bbox 49 203 2047 831">
     <span class='ocr_line' id='line_1_2' title="bbox 49 203 1795 276; baseline 0.002 -20"><span class='ocrx_word' id='word_1_5' title='bbox 49 206 322 272; x_wconf 60' lang='lat' dir='ltr'><strong>thago&#39;ram</strong></span> <span class='ocrx_word' id='word_1_6' title='bbox 338 206 390 256; x_wconf 87' lang='lat' dir='ltr'><strong>in</strong></span> <span class='ocrx_word' id='word_1_7' title='bbox 408 204 596 254; x_wconf 83' lang='lat' dir='ltr'><strong>duabus</strong></span> <span class='ocrx_word' id='word_1_8' title='bbox 609 203 841 258; x_wconf 82' lang='lat' dir='ltr'>Urbibus,</span> <span class='ocrx_word' id='word_1_9' title='bbox 853 203 1040 253; x_wconf 86' lang='lat' dir='ltr'><strong>eodem</strong></span> <span class='ocrx_word' id='word_1_10' title='bbox 1049 218 1279 270; x_wconf 86' lang='lat' dir='ltr'><strong>tempore</strong></span> <span class='ocrx_word' id='word_1_11' title='bbox 1302 207 1438 259; x_wconf 81' lang='lat' dir='ltr'><strong>fuisse</strong></span> <span class='ocrx_word' id='word_1_12' title='bbox 1454 208 1795 276; x_wconf 65' lang='lat' dir='ltr'><strong>conspectum,</strong></span> 
     </span>
     <span class='ocr_line' id='line_1_3' title="bbox 57 264 2047 338; baseline 0.001 -19"><span class='ocrx_word' id='word_1_13' title='bbox 57 271 304 334; x_wconf 85' lang='lat' dir='ltr'>Origenes</span> <span class='ocrx_word' id='word_1_14' title='bbox 318 268 526 318; x_wconf 86' lang='lat' dir='ltr'><strong>Author</strong></span> <span class='ocrx_word' id='word_1_15' title='bbox 538 264 630 315; x_wconf 89' lang='lat' dir='ltr'><strong>est:</strong></span> <span class='ocrx_word' id='word_1_16' title='bbox 666 267 887 330; x_wconf 86' lang='lat' dir='ltr'><strong>Stryges,</strong></span> <span class='ocrx_word' id='word_1_17' title='bbox 923 278 1156 315; x_wconf 86' lang='lat' dir='ltr'><strong>catorum</strong></span> <span class='ocrx_word' id='word_1_18' title='bbox 1175 271 1331 333; x_wconf 86' lang='lat' dir='ltr'><strong>specie</strong></span> <span class='ocrx_word' id='word_1_19' title='bbox 1345 305 1358 325; x_wconf 89' lang='lat'><strong>,</strong></span> <span class='ocrx_word' id='word_1_20' title='bbox 1394 274 1574 322; x_wconf 86' lang='lat' dir='ltr'><strong>clausas</strong></span> <span class='ocrx_word' id='word_1_21' title='bbox 1608 274 1798 338; x_wconf 76' lang='lat' dir='ltr'><strong>ingredi</strong></span> <span class='ocrx_word' id='word_1_22' title='bbox 1833 270 2047 324; x_wconf 70' lang='lat' dir='ltr'><strong>L.6.vont.</strong></span> 
     </span>
     <span class='ocr_line' id='line_1_4' title="bbox 55 330 1930 397; baseline 0.004 -19"><span class='ocrx_word' id='word_1_23' title='bbox 55 331 222 389; x_wconf 79' lang='lat' dir='ltr'><strong>januas</strong></span> <span class='ocrx_word' id='word_1_24' title='bbox 237 365 249 386; x_wconf 92' lang='lat'><strong>,</strong></span> <span class='ocrx_word' id='word_1_25' title='bbox 268 343 523 397; x_wconf 89' lang='lat' dir='ltr'><strong>penetrare</strong></span> <span class='ocrx_word' id='word_1_26' title='bbox 541 342 716 377; x_wconf 84' lang='lat' dir='ltr'><strong>tenues</strong></span> <span class='ocrx_word' id='word_1_27' title='bbox 734 333 881 378; x_wconf 86' lang='lat' dir='ltr'><strong>rimas</strong></span> <span class='ocrx_word' id='word_1_28' title='bbox 894 362 907 382; x_wconf 86' lang='lat'>‚</span> <span class='ocrx_word' id='word_1_29' title='bbox 926 331 1221 393; x_wconf 71' lang='lat' dir='ltr'>experientia</span> <span class='ocrx_word' id='word_1_30' title='bbox 1239 330 1365 381; x_wconf 84' lang='lat' dir='ltr'><strong>testis</strong></span> <span class='ocrx_word' id='word_1_31' title='bbox 1379 332 1462 387; x_wconf 87' lang='lat' dir='ltr'><strong>est,</strong></span> <span class='ocrx_word' id='word_1_32' title='bbox 1480 338 1666 384; x_wconf 82' lang='lat' dir='ltr'><strong>utinam</strong></span> <span class='ocrx_word' id='word_1_33' title='bbox 1690 352 1795 385; x_wconf 85' lang='lat' dir='ltr'><strong>non</strong></span> <span class='ocrx_word' id='word_1_34' title='bbox 1835 338 1930 396; x_wconf 64' lang='lat' dir='ltr'><strong>Ceffl</strong></span> 
     </span>
     <span class='ocr_line' id='line_1_5' title="bbox 54 391 1799 454; baseline 0.002 -11"><span class='ocrx_word' id='word_1_35' title='bbox 54 398 206 444; x_wconf 86' lang='lat' dir='ltr'><strong>toties</strong></span> <span class='ocrx_word' id='word_1_36' title='bbox 226 395 446 445; x_wconf 83' lang='lat' dir='ltr'><strong>oculata!</strong></span> <span class='ocrx_word' id='word_1_37' title='bbox 478 406 644 446; x_wconf 87' lang='lat' dir='ltr'><strong>taceo,</strong></span> <span class='ocrx_word' id='word_1_38' title='bbox 668 391 809 454; x_wconf 72' lang='lat' dir='ltr'><strong>quod</strong></span> <span class='ocrx_word' id='word_1_39' title='bbox 824 393 1102 442; x_wconf 84' lang='lat' dir='ltr'><strong>Domitiani</strong></span> <span class='ocrx_word' id='word_1_40' title='bbox 1121 396 1284 444; x_wconf 84' lang='lat' dir='ltr'><strong>oculis</strong></span> <span class='ocrx_word' id='word_1_41' title='bbox 1303 397 1404 445; x_wconf 84' lang='lat' dir='ltr'><strong>sese</strong></span> <span class='ocrx_word' id='word_1_42' title='bbox 1425 397 1709 447; x_wconf 83' lang='lat' dir='ltr'><strong>subtraxerit</strong></span> <span class='ocrx_word' id='word_1_43' title='bbox 1726 400 1799 448; x_wconf 88' lang='lat' dir='ltr'><strong>A-</strong></span> 
     </span>
     <span class='ocr_line' id='line_1_6' title="bbox 56 451 1799 522; baseline 0.003 -17"><span class='ocrx_word' id='word_1_44' title='bbox 56 459 312 522; x_wconf 81' lang='lat' dir='ltr'><strong>pollonius</strong></span> <span class='ocrx_word' id='word_1_45' title='bbox 341 456 472 520; x_wconf 87' lang='lat' dir='ltr'><strong>apud</strong></span> <span class='ocrx_word' id='word_1_46' title='bbox 505 451 859 504; x_wconf 86' lang='lat' dir='ltr'><strong>Philostratum</strong></span> <span class='ocrx_word' id='word_1_47' title='bbox 879 472 897 507; x_wconf 80' lang='lat'><em>3</em></span> <span class='ocrx_word' id='word_1_48' title='bbox 937 451 1081 517; x_wconf 74' lang='lat' dir='ltr'><strong>quod</strong></span> <span class='ocrx_word' id='word_1_49' title='bbox 1105 455 1293 519; x_wconf 80' lang='lat' dir='ltr'><strong>Gyges,</strong></span> <span class='ocrx_word' id='word_1_50' title='bbox 1327 458 1499 509; x_wconf 75' lang='lat' dir='ltr'><strong>fiCtitio</strong></span> <span class='ocrx_word' id='word_1_51' title='bbox 1533 461 1686 509; x_wconf 68' lang='lat' dir='ltr'><strong>testus</strong></span> <span class='ocrx_word' id='word_1_52' title='bbox 1711 477 1799 510; x_wconf 49' lang='lat' dir='ltr'><strong>&gt;an-</strong></span> 
     </span>
     <span class='ocr_line' id='line_1_7' title="bbox 55 517 1802 585; baseline 0.002 -17"><span class='ocrx_word' id='word_1_53' title='bbox 55 522 404 574; x_wconf 86' lang='lat' dir='ltr'><strong>nulo,latuerit</strong></span> <span class='ocrx_word' id='word_1_54' title='bbox 423 519 555 583; x_wconf 88' lang='lat' dir='ltr'><strong>apud</strong></span> <span class='ocrx_word' id='word_1_55' title='bbox 567 517 791 567; x_wconf 88' lang='lat' dir='ltr'><strong>Tullium</strong></span> <span class='ocrx_word' id='word_1_56' title='bbox 808 519 1130 568; x_wconf 85' lang='lat' dir='ltr'><strong>Ciceronem.</strong></span> <span class='ocrx_word' id='word_1_57' title='bbox 1196 520 1331 570; x_wconf 80' lang='lat' dir='ltr'><strong>Sileo</strong></span> <span class='ocrx_word' id='word_1_58' title='bbox 1353 523 1623 585; x_wconf 82' lang='lat' dir='ltr'>paradoxas</span> <span class='ocrx_word' id='word_1_59' title='bbox 1645 538 1802 573; x_wconf 86' lang='lat' dir='ltr'><strong>mcta-</strong></span> 
     </span>
     <span class='ocr_line' id='line_1_8' title="bbox 56 579 1799 650; baseline 0.004 -20"><span class='ocrx_word' id='word_1_60' title='bbox 56 583 380 649; x_wconf 87' lang='lat' dir='ltr'><strong>morphoses,</strong></span> <span class='ocrx_word' id='word_1_61' title='bbox 406 583 584 646; x_wconf 89' lang='lat' dir='ltr'><strong>quibus</strong></span> <span class='ocrx_word' id='word_1_62' title='bbox 611 595 828 645; x_wconf 81' lang='lat' dir='ltr'><strong>corpora</strong></span> <span class='ocrx_word' id='word_1_63' title='bbox 859 579 1217 630; x_wconf 84' lang='lat' dir='ltr'><strong>transformant</strong></span> <span class='ocrx_word' id='word_1_64' title='bbox 1243 585 1295 632; x_wconf 90' lang='lat' dir='ltr'><strong>in</strong></span> <span class='ocrx_word' id='word_1_65' title='bbox 1321 587 1434 634; x_wconf 86' lang='lat' dir='ltr'><strong>alias</strong></span> <span class='ocrx_word' id='word_1_66' title='bbox 1460 587 1655 650; x_wconf 82' lang='lat' dir='ltr'><strong>species,</strong></span> <span class='ocrx_word' id='word_1_67' title='bbox 1679 602 1799 639; x_wconf 90' lang='lat' dir='ltr'><strong>ocu-</strong></span> 
     </span>
     <span class='ocr_line' id='line_1_9' title="bbox 55 642 559 698; baseline -0.004 -4"><span class='ocrx_word' id='word_1_68' title='bbox 55 645 163 698; x_wconf 68' lang='lat' dir='ltr'><strong>{ato</strong></span> <span class='ocrx_word' id='word_1_69' title='bbox 194 642 315 694; x_wconf 87' lang='lat' dir='ltr'><strong>test-e</strong></span> <span class='ocrx_word' id='word_1_70' title='bbox 330 646 559 695; x_wconf 82' lang='lat' dir='ltr'><strong>Ovidio:</strong></span> 
     </span>
     <span class='ocr_line' id='line_1_10' title="bbox 273 706 1388 769; baseline 0.001 -14"><span class='ocrx_word' id='word_1_71' title='bbox 273 707 401 755; x_wconf 85' lang='lat' dir='ltr'><strong>Hanc</strong></span> <span class='ocrx_word' id='word_1_72' title='bbox 420 722 492 766; x_wconf 87' lang='lat' dir='ltr'><strong>ego</strong></span> <span class='ocrx_word' id='word_1_73' title='bbox 514 706 733 753; x_wconf 61' lang='lat' dir='ltr'><strong>noaurnas</strong></span> <span class='ocrx_word' id='word_1_74' title='bbox 749 709 900 754; x_wconf 83' lang='lat' dir='ltr'><strong>vivam</strong></span> <span class='ocrx_word' id='word_1_75' title='bbox 917 710 1104 755; x_wconf 78' lang='lat' dir='ltr'><strong>volitare</strong></span> <span class='ocrx_word' id='word_1_76' title='bbox 1120 720 1201 769; x_wconf 77' lang='lat' dir='ltr'><strong>per</strong></span> <span class='ocrx_word' id='word_1_77' title='bbox 1215 708 1388 757; x_wconf 69' lang='lat' dir='ltr'><strong>umbras·</strong></span> 
     </span>
     <span class='ocr_line' id='line_1_11' title="bbox 395 769 1278 831; baseline 0.005 -16"><span class='ocrx_word' id='word_1_78' title='bbox 395 770 579 828; x_wconf 72' lang='lat' dir='ltr'><strong>Suspicor</strong></span> <span class='ocrx_word' id='word_1_79' title='bbox 593 801 606 820; x_wconf 92' lang='lat'><strong>,</strong></span> <span class='ocrx_word' id='word_1_80' title='bbox 631 772 692 816; x_wconf 53' lang='grc' dir='ltr'><strong>(Γ</strong></span> <span class='ocrx_word' id='word_1_81' title='bbox 706 769 853 828; x_wconf 56' lang='lat' dir='ltr'><strong>pluma}</strong></span> <span class='ocrx_word' id='word_1_82' title='bbox 879 783 1026 830; x_wconf 79' lang='lat' dir='ltr'><strong>corpus</strong></span> <span class='ocrx_word' id='word_1_83' title='bbox 1043 773 1155 818; x_wconf 84' lang='lat' dir='ltr'><strong>anile</strong></span> <span class='ocrx_word' id='word_1_84' title='bbox 1175 775 1278 831; x_wconf 74' lang='lat' dir='ltr'><strong>tegi.</strong></span> 
     </span>
    </p>

    <p class='ocr_par' dir='ltr' id='par_1_3' title="bbox 51 828 1848 2337">
     <span class='ocr_line' id='line_1_12' title="bbox 53 828 1799 901; baseline 0.005 -20"><span class='ocrx_word' id='word_1_85' title='bbox 53 834 118 882; x_wconf 75' lang='lat' dir='ltr'><strong>Et</strong></span> <span class='ocrx_word' id='word_1_86' title='bbox 137 828 223 881; x_wconf 87' lang='lat' dir='ltr'><strong>ista</strong></span> <span class='ocrx_word' id='word_1_87' title='bbox 241 846 350 881; x_wconf 87' lang='lat' dir='ltr'><strong>non</strong></span> <span class='ocrx_word' id='word_1_88' title='bbox 366 830 622 879; x_wconf 85' lang='lat' dir='ltr'><strong>infirment</strong></span> <span class='ocrx_word' id='word_1_89' title='bbox 645 833 880 894; x_wconf 78' lang='lat' dir='ltr'><strong>principia</strong></span> <span class='ocrx_word' id='word_1_90' title='bbox 904 833 1106 897; x_wconf 76' lang='lat' dir='ltr'><strong>Physica</strong></span> <span class='ocrx_word' id='word_1_91' title='bbox 1123 837 1137 882; x_wconf 74' lang='grc' dir='ltr'><strong>ἒ</strong></span> <span class='ocrx_word' id='word_1_92' title='bbox 1176 832 1262 883; x_wconf 86' lang='lat' dir='ltr'><strong>ista</strong></span> <span class='ocrx_word' id='word_1_93' title='bbox 1281 850 1390 884; x_wconf 89' lang='lat' dir='ltr'><strong>non</strong></span> <span class='ocrx_word' id='word_1_94' title='bbox 1408 836 1678 901; x_wconf 83' lang='lat' dir='ltr'><strong>infringant</strong></span> <span class='ocrx_word' id='word_1_95' title='bbox 1695 841 1799 890; x_wconf 84' lang='lat' dir='ltr'><strong>Na-</strong></span> 
     </span>
     <span class='ocr_line' id='line_1_13' title="bbox 53 893 1804 964; baseline 0.005 -23"><span class='ocrx_word' id='word_1_96' title='bbox 53 907 174 943; x_wconf 79' lang='lat' dir='ltr'><strong>turae</strong></span> <span class='ocrx_word' id='word_1_97' title='bbox 194 895 354 956; x_wconf 84' lang='lat' dir='ltr'><strong>leges?</strong></span> <span class='ocrx_word' id='word_1_98' title='bbox 380 908 475 941; x_wconf 91' lang='lat' dir='ltr'><strong>nec</strong></span> <span class='ocrx_word' id='word_1_99' title='bbox 496 893 785 955; x_wconf 85' lang='lat' dir='ltr'><strong>perturbent</strong></span> <span class='ocrx_word' id='word_1_100' title='bbox 805 895 1026 945; x_wconf 81' lang='lat' dir='ltr'><strong>Univerli</strong></span> <span class='ocrx_word' id='word_1_101' title='bbox 1047 897 1279 946; x_wconf 85' lang='lat' dir='ltr'><strong>ordinem</strong></span> <span class='ocrx_word' id='word_1_102' title='bbox 1300 901 1316 946; x_wconf 71' lang='grc' dir='ltr'><strong>ἓ</strong></span> <span class='ocrx_word' id='word_1_103' title='bbox 1349 899 1507 948; x_wconf 87' lang='lat' dir='ltr'><strong>multa</strong></span> <span class='ocrx_word' id='word_1_104' title='bbox 1526 904 1647 964; x_wconf 90' lang='lat' dir='ltr'><strong>petis</strong></span> <span class='ocrx_word' id='word_1_105' title='bbox 1663 934 1675 953; x_wconf 92' lang='lat'><strong>,</strong></span> <span class='ocrx_word' id='word_1_106' title='bbox 1710 902 1745 950; x_wconf 80' lang='lat' dir='ltr'><strong>si</strong></span> <span class='ocrx_word' id='word_1_107' title='bbox 1774 903 1804 953; x_wconf 74' lang='grc' dir='ltr'>ὲ</span> 
     </span>
     <span class='ocr_line' id='line_1_14' title="bbox 51 953 1804 1027; baseline 0.006 -24"><span class='ocrx_word' id='word_1_108' title='bbox 51 954 363 1019; x_wconf 80' lang='lat' dir='ltr'><strong>Philosopho</strong></span> <span class='ocrx_word' id='word_1_109' title='bbox 384 953 467 1004; x_wconf 77' lang='lat' dir='ltr'><strong>hic</strong></span> <span class='ocrx_word' id='word_1_110' title='bbox 485 955 642 1005; x_wconf 84' lang='lat' dir='ltr'><strong>fidem</strong></span> <span class='ocrx_word' id='word_1_111' title='bbox 663 958 802 1021; x_wconf 88' lang='lat' dir='ltr'><strong>petis.</strong></span> <span class='ocrx_word' id='word_1_112' title='bbox 917 962 1017 1006; x_wconf 90' lang='lat' dir='ltr'><strong>ME</strong></span> <span class='ocrx_word' id='word_1_113' title='bbox 1025 963 1080 1006; x_wconf 89' lang='lat' dir='ltr'><strong>L:</strong></span> <span class='ocrx_word' id='word_1_114' title='bbox 1157 961 1297 1010; x_wconf 89' lang='lat' dir='ltr'><strong>Nihil</strong></span> <span class='ocrx_word' id='word_1_115' title='bbox 1316 975 1462 1027; x_wconf 90' lang='lat' dir='ltr'><strong>peto,</strong></span> <span class='ocrx_word' id='word_1_116' title='bbox 1485 963 1629 1026; x_wconf 87' lang='lat' dir='ltr'><strong>quod</strong></span> <span class='ocrx_word' id='word_1_117' title='bbox 1647 962 1804 1014; x_wconf 88' lang='lat' dir='ltr'><strong>fidem</strong></span> 
     </span>
     <span class='ocr_line' id='line_1_15' title="bbox 53 1017 1804 1084; baseline 0.006 -18"><span class='ocrx_word' id='word_1_118' title='bbox 53 1017 245 1084; x_wconf 85' lang='lat' dir='ltr'><strong>superet</strong></span> <span class='ocrx_word' id='word_1_119' title='bbox 264 1050 277 1071; x_wconf 94' lang='lat'><strong>,</strong></span> <span class='ocrx_word' id='word_1_120' title='bbox 314 1020 507 1066; x_wconf 86' lang='lat' dir='ltr'><strong>ratione</strong></span> <span class='ocrx_word' id='word_1_121' title='bbox 527 1017 724 1081; x_wconf 64' lang='lat' dir='ltr'><strong>physica</strong></span> <span class='ocrx_word' id='word_1_122' title='bbox 746 1018 1011 1070; x_wconf 72' lang='lat' dir='ltr'><strong>fiiffultam..</strong></span> <span class='ocrx_word' id='word_1_123' title='bbox 1051 1036 1058 1043; x_wconf 64' lang='lat'><em>¹</em></span> <span class='ocrx_word' id='word_1_124' title='bbox 1121 1020 1194 1073; x_wconf 78' lang='lat' dir='ltr'><strong>Ni</strong></span> <span class='ocrx_word' id='word_1_125' title='bbox 1211 1027 1347 1073; x_wconf 83' lang='lat' dir='ltr'><strong>enim</strong></span> <span class='ocrx_word' id='word_1_126' title='bbox 1366 1025 1460 1074; x_wconf 87' lang='lat' dir='ltr'><strong>hac</strong></span> <span class='ocrx_word' id='word_1_127' title='bbox 1487 1026 1638 1074; x_wconf 62' lang='lat' dir='ltr'><strong>nocte</strong></span> <span class='ocrx_word' id='word_1_128' title='bbox 1659 1027 1804 1077; x_wconf 81' lang='lat' dir='ltr'><strong>Mor-</strong></span> 
     </span>
     <span class='ocr_line' id='line_1_16' title="bbox 53 1080 1805 1151; baseline 0.005 -22"><span class='ocrx_word' id='word_1_129' title='bbox 53 1080 212 1145; x_wconf 84' lang='lat' dir='ltr'><strong>pheus</strong></span> <span class='ocrx_word' id='word_1_130' title='bbox 232 1081 320 1127; x_wconf 82' lang='lat' dir='ltr'><strong>tibi</strong></span> <span class='ocrx_word' id='word_1_131' title='bbox 339 1084 556 1145; x_wconf 71' lang='lat' dir='ltr'><strong>porrexit</strong></span> <span class='ocrx_word' id='word_1_132' title='bbox 578 1080 774 1129; x_wconf 83' lang='lat' dir='ltr'><strong>Lethen</strong></span> <span class='ocrx_word' id='word_1_133' title='bbox 787 1114 798 1133; x_wconf 90' lang='lat'><strong>,</strong></span> <span class='ocrx_word' id='word_1_134' title='bbox 821 1083 957 1136; x_wconf 87' lang='lat' dir='ltr'><strong>scies,</strong></span> <span class='ocrx_word' id='word_1_135' title='bbox 978 1099 1086 1145; x_wconf 82' lang='lat' dir='ltr'><strong>quae</strong></span> <span class='ocrx_word' id='word_1_136' title='bbox 1100 1086 1133 1133; x_wconf 26' lang='lat' dir='ltr'><strong>*a</strong></span> <span class='ocrx_word' id='word_1_137' title='bbox 1144 1101 1227 1133; x_wconf 89' lang='lat' dir='ltr'><strong>me</strong></span> <span class='ocrx_word' id='word_1_138' title='bbox 1246 1085 1354 1134; x_wconf 83' lang='lat' dir='ltr'><strong>heri</strong></span> <span class='ocrx_word' id='word_1_139' title='bbox 1373 1090 1622 1151; x_wconf 85' lang='lat' dir='ltr'><strong>principia.</strong></span> <span class='ocrx_word' id='word_1_140' title='bbox 1644 1091 1805 1139; x_wconf 88' lang='lat' dir='ltr'><strong>Nem-</strong></span> 
     </span>
     <span class='ocr_line' id='line_1_17' title="bbox 53 1140 1805 1213; baseline 0.006 -23"><span class='ocrx_word' id='word_1_141' title='bbox 53 1158 140 1208; x_wconf 81' lang='lat' dir='ltr'><strong>pe,</strong></span> <span class='ocrx_word' id='word_1_142' title='bbox 166 1140 325 1205; x_wconf 77' lang='lat' dir='ltr'><strong>quod,</strong></span> <span class='ocrx_word' id='word_1_143' title='bbox 338 1157 446 1202; x_wconf 86' lang='lat' dir='ltr'><strong>quae</strong></span> <span class='ocrx_word' id='word_1_144' title='bbox 466 1145 591 1191; x_wconf 89' lang='lat' dir='ltr'><strong>vires</strong></span> <span class='ocrx_word' id='word_1_145' title='bbox 602 1155 785 1190; x_wconf 78' lang='lat' dir='ltr'><strong>naturae</strong></span> <span class='ocrx_word' id='word_1_146' title='bbox 798 1144 1039 1205; x_wconf 76' lang='lat' dir='ltr'><strong>superant,</strong></span> <span class='ocrx_word' id='word_1_147' title='bbox 1058 1147 1306 1195; x_wconf 81' lang='lat' dir='ltr'><strong>infernalis</strong></span> <span class='ocrx_word' id='word_1_148' title='bbox 1321 1149 1488 1197; x_wconf 85' lang='lat' dir='ltr'><strong>Ludio</strong></span> <span class='ocrx_word' id='word_1_149' title='bbox 1500 1149 1654 1213; x_wconf 85' lang='lat' dir='ltr'><strong>fingat</strong></span> <span class='ocrx_word' id='word_1_150' title='bbox 1666 1183 1679 1204; x_wconf 84' lang='lat'>‚</span> <span class='ocrx_word' id='word_1_151' title='bbox 1693 1167 1805 1202; x_wconf 86' lang='lat' dir='ltr'><strong>non</strong></span> 
     </span>
     <span class='ocr_line' id='line_1_18' title="bbox 55 1202 1848 1274; baseline 0.006 -20"><span class='ocrx_word' id='word_1_152' title='bbox 55 1206 220 1255; x_wconf 72' lang='lat' dir='ltr'><strong>faciat.</strong></span> <span class='ocrx_word' id='word_1_153' title='bbox 316 1202 480 1269; x_wconf 78' lang='lat' dir='ltr'><strong>Quod</strong></span> <span class='ocrx_word' id='word_1_154' title='bbox 501 1204 535 1253; x_wconf 88' lang='lat' dir='ltr'><strong>fi</strong></span> <span class='ocrx_word' id='word_1_155' title='bbox 560 1206 708 1255; x_wconf 80' lang='lat' dir='ltr'><strong>visus,</strong></span> <span class='ocrx_word' id='word_1_156' title='bbox 732 1209 940 1268; x_wconf 83' lang='lat' dir='ltr'><strong>gemino</strong></span> <span class='ocrx_word' id='word_1_157' title='bbox 969 1206 1112 1255; x_wconf 83' lang='lat' dir='ltr'><strong>simul</strong></span> <span class='ocrx_word' id='word_1_158' title='bbox 1131 1211 1180 1256; x_wconf 91' lang='lat' dir='ltr'><strong>in</strong></span> <span class='ocrx_word' id='word_1_159' title='bbox 1202 1210 1323 1257; x_wconf 91' lang='lat' dir='ltr'><strong>loco</strong></span> <span class='ocrx_word' id='word_1_160' title='bbox 1341 1242 1353 1263; x_wconf 94' lang='lat'><strong>,</strong></span> <span class='ocrx_word' id='word_1_161' title='bbox 1388 1211 1710 1274; x_wconf 83' lang='lat' dir='ltr'><strong>Pythagoras,</strong></span> <span class='ocrx_word' id='word_1_162' title='bbox 1735 1217 1806 1263; x_wconf 86' lang='lat' dir='ltr'><strong>vi-</strong></span> <span class='ocrx_word' id='word_1_163' title='bbox 1830 1226 1848 1242; x_wconf 84' lang='lat'><strong>·</strong></span> 
     </span>
     <span class='ocr_line' id='line_1_19' title="bbox 52 1265 1805 1338; baseline 0.005 -20"><span class='ocrx_word' id='word_1_164' title='bbox 52 1269 129 1318; x_wconf 80' lang='lat' dir='ltr'><strong>fus</strong></span> <span class='ocrx_word' id='word_1_165' title='bbox 143 1265 319 1317; x_wconf 78' lang='lat' dir='ltr'><strong>estesse</strong></span> <span class='ocrx_word' id='word_1_166' title='bbox 330 1267 478 1323; x_wconf 85' lang='lat' dir='ltr'><strong>visus,</strong></span> <span class='ocrx_word' id='word_1_167' title='bbox 498 1284 607 1318; x_wconf 93' lang='lat' dir='ltr'><strong>non</strong></span> <span class='ocrx_word' id='word_1_168' title='bbox 624 1269 742 1316; x_wconf 82' lang='lat' dir='ltr'><strong>fuit:</strong></span> <span class='ocrx_word' id='word_1_169' title='bbox 762 1285 882 1317; x_wconf 89' lang='lat' dir='ltr'><strong>nam</strong></span> <span class='ocrx_word' id='word_1_170' title='bbox 894 1269 1124 1319; x_wconf 89' lang='lat' dir='ltr'><strong>alterutra</strong></span> <span class='ocrx_word' id='word_1_171' title='bbox 1143 1272 1329 1321; x_wconf 87' lang='lat' dir='ltr'><strong>Civitas</strong></span> <span class='ocrx_word' id='word_1_172' title='bbox 1340 1288 1427 1336; x_wconf 88' lang='lat' dir='ltr'><strong>per</strong></span> <span class='ocrx_word' id='word_1_173' title='bbox 1444 1272 1805 1338; x_wconf 87' lang='lat' dir='ltr'><strong>phantasticam</strong></span> 
     </span>
     <span class='ocr_line' id='line_1_20' title="bbox 54 1329 1805 1400; baseline 0.005 -20"><span class='ocrx_word' id='word_1_174' title='bbox 54 1332 181 1381; x_wconf 85' lang='lat' dir='ltr'><strong>illius</strong></span> <span class='ocrx_word' id='word_1_175' title='bbox 200 1331 409 1396; x_wconf 87' lang='lat' dir='ltr'><strong>speciem</strong></span> <span class='ocrx_word' id='word_1_176' title='bbox 432 1329 501 1380; x_wconf 89' lang='lat' dir='ltr'><strong>est</strong></span> <span class='ocrx_word' id='word_1_177' title='bbox 517 1330 695 1380; x_wconf 87' lang='lat' dir='ltr'><strong>delusa.</strong></span> <span class='ocrx_word' id='word_1_178' title='bbox 751 1331 1162 1381; x_wconf 86' lang='lat' dir='ltr'><strong>Iisdemludibriis</strong></span> <span class='ocrx_word' id='word_1_179' title='bbox 1175 1334 1297 1382; x_wconf 83' lang='lat' dir='ltr'><strong>fallit</strong></span> <span class='ocrx_word' id='word_1_180' title='bbox 1307 1336 1504 1400; x_wconf 85' lang='lat' dir='ltr'><strong>Stryges</strong></span> <span class='ocrx_word' id='word_1_181' title='bbox 1519 1355 1529 1384; x_wconf 92' lang='lat'>:</span> <span class='ocrx_word' id='word_1_182' title='bbox 1546 1353 1654 1387; x_wconf 90' lang='lat' dir='ltr'><strong>non</strong></span> <span class='ocrx_word' id='word_1_183' title='bbox 1667 1341 1805 1388; x_wconf 86' lang='lat' dir='ltr'><strong>enim</strong></span> 
     </span>
     <span class='ocr_line' id='line_1_21' title="bbox 53 1391 1808 1462; baseline 0.005 -19"><span class='ocrx_word' id='word_1_184' title='bbox 53 1393 132 1444; x_wconf 83' lang='lat' dir='ltr'><strong>hae</strong></span> <span class='ocrx_word' id='word_1_185' title='bbox 150 1397 298 1443; x_wconf 83' lang='lat' dir='ltr'><strong>rimas</strong></span> <span class='ocrx_word' id='word_1_186' title='bbox 315 1406 599 1459; x_wconf 85' lang='lat' dir='ltr'><strong>penetrant,</strong></span> <span class='ocrx_word' id='word_1_187' title='bbox 634 1394 714 1443; x_wconf 88' lang='lat' dir='ltr'><strong>vel</strong></span> <span class='ocrx_word' id='word_1_188' title='bbox 732 1393 890 1441; x_wconf 86' lang='lat' dir='ltr'><strong>clausa</strong></span> <span class='ocrx_word' id='word_1_189' title='bbox 913 1391 1037 1442; x_wconf 79' lang='lat' dir='ltr'><strong>ostia</strong></span> <span class='ocrx_word' id='word_1_190' title='bbox 1051 1427 1063 1447; x_wconf 86' lang='lat'>‚</span> <span class='ocrx_word' id='word_1_191' title='bbox 1087 1395 1168 1443; x_wconf 88' lang='lat' dir='ltr'><strong>sed</strong></span> <span class='ocrx_word' id='word_1_192' title='bbox 1188 1398 1295 1445; x_wconf 90' lang='lat' dir='ltr'><strong>orci</strong></span> <span class='ocrx_word' id='word_1_193' title='bbox 1316 1398 1505 1446; x_wconf 88' lang='lat' dir='ltr'><strong>Genius</strong></span> <span class='ocrx_word' id='word_1_194' title='bbox 1525 1401 1808 1462; x_wconf 82' lang='lat' dir='ltr'><strong>praecedens</strong></span> 
     </span>
     <span class='ocr_line' id='line_1_22' title="bbox 54 1455 1807 1523; baseline 0.004 -18"><span class='ocrx_word' id='word_1_195' title='bbox 54 1469 163 1506; x_wconf 80' lang='lat' dir='ltr'><strong>tam</strong></span> <span class='ocrx_word' id='word_1_196' title='bbox 183 1457 388 1507; x_wconf 86' lang='lat' dir='ltr'><strong>latenter</strong></span> <span class='ocrx_word' id='word_1_197' title='bbox 405 1457 510 1507; x_wconf 85' lang='lat' dir='ltr'><strong>haec</strong></span> <span class='ocrx_word' id='word_1_198' title='bbox 527 1459 706 1521; x_wconf 86' lang='lat' dir='ltr'><strong>aperit,</strong></span> <span class='ocrx_word' id='word_1_199' title='bbox 732 1472 789 1504; x_wconf 81' lang='lat' dir='ltr'><strong>ac</strong></span> <span class='ocrx_word' id='word_1_200' title='bbox 801 1456 1012 1508; x_wconf 70' lang='lat' dir='ltr'><strong>claudits</strong></span> <span class='ocrx_word' id='word_1_201' title='bbox 1047 1455 1279 1506; x_wconf 87' lang='lat' dir='ltr'><strong>fenestras</strong></span> <span class='ocrx_word' id='word_1_202' title='bbox 1297 1462 1522 1523; x_wconf 87' lang='lat' dir='ltr'><strong>corporis</strong></span> <span class='ocrx_word' id='word_1_203' title='bbox 1543 1476 1714 1510; x_wconf 88' lang='lat' dir='ltr'><strong>earum</strong></span> <span class='ocrx_word' id='word_1_204' title='bbox 1726 1478 1807 1512; x_wconf 86' lang='lat' dir='ltr'><strong>ca-</strong></span> 
     </span>
     <span class='ocr_line' id='line_1_23' title="bbox 56 1519 1806 1585; baseline 0.004 -18"><span class='ocrx_word' id='word_1_205' title='bbox 56 1535 220 1585; x_wconf 82' lang='lat' dir='ltr'><strong>paces,</strong></span> <span class='ocrx_word' id='word_1_206' title='bbox 243 1520 528 1570; x_wconf 82' lang='lat' dir='ltr'><strong>dexteritate</strong></span> <span class='ocrx_word' id='word_1_207' title='bbox 546 1533 653 1568; x_wconf 84' lang='lat' dir='ltr'><strong>tam</strong></span> <span class='ocrx_word' id='word_1_208' title='bbox 671 1520 819 1567; x_wconf 88' lang='lat' dir='ltr'><strong>celeri</strong></span> <span class='ocrx_word' id='word_1_209' title='bbox 838 1532 1042 1573; x_wconf 86' lang='lat' dir='ltr'><strong>movet,</strong></span> <span class='ocrx_word' id='word_1_210' title='bbox 1062 1536 1118 1569; x_wconf 85' lang='lat' dir='ltr'><strong>ac</strong></span> <span class='ocrx_word' id='word_1_211' title='bbox 1135 1534 1384 1575; x_wconf 88' lang='lat' dir='ltr'><strong>removet,</strong></span> <span class='ocrx_word' id='word_1_212' title='bbox 1407 1534 1461 1570; x_wconf 88' lang='lat' dir='ltr'><strong>ut</strong></span> <span class='ocrx_word' id='word_1_213' title='bbox 1481 1519 1625 1571; x_wconf 73' lang='lat' dir='ltr'><strong>facile</strong></span> <span class='ocrx_word' id='word_1_214' title='bbox 1649 1526 1806 1575; x_wconf 84' lang='lat' dir='ltr'><strong>intro-</strong></span> 
     </span>
     <span class='ocr_line' id='line_1_24' title="bbox 56 1582 1805 1647; baseline 0.003 -16"><span class='ocrx_word' id='word_1_215' title='bbox 56 1586 224 1634; x_wconf 84' lang='lat' dir='ltr'><strong>mittat</strong></span> <span class='ocrx_word' id='word_1_216' title='bbox 244 1583 349 1632; x_wconf 86' lang='lat' dir='ltr'><strong>haec</strong></span> <span class='ocrx_word' id='word_1_217' title='bbox 367 1584 526 1633; x_wconf 87' lang='lat' dir='ltr'><strong>scorta</strong></span> <span class='ocrx_word' id='word_1_218' title='bbox 544 1583 714 1647; x_wconf 85' lang='lat' dir='ltr'><strong>putida</strong></span> <span class='ocrx_word' id='word_1_219' title='bbox 733 1614 746 1635; x_wconf 87' lang='lat'><strong>,</strong></span> <span class='ocrx_word' id='word_1_220' title='bbox 778 1597 892 1644; x_wconf 79' lang='lat' dir='ltr'><strong>qua:</strong></span> <span class='ocrx_word' id='word_1_221' title='bbox 916 1582 1166 1638; x_wconf 70' lang='lat' dir='ltr'><strong>eiusmodi</strong></span> <span class='ocrx_word' id='word_1_222' title='bbox 1199 1596 1339 1632; x_wconf 86' lang='lat' dir='ltr'><strong>catos</strong></span> <span class='ocrx_word' id='word_1_223' title='bbox 1367 1584 1413 1632; x_wconf 90' lang='lat' dir='ltr'><strong>se</strong></span> <span class='ocrx_word' id='word_1_224' title='bbox 1433 1584 1560 1635; x_wconf 80' lang='lat' dir='ltr'><strong>falso</strong></span> <span class='ocrx_word' id='word_1_225' title='bbox 1583 1586 1805 1642; x_wconf 85' lang='lat' dir='ltr'><strong>judicant</strong></span> 
     </span>
     <span class='ocr_line' id='line_1_25' title="bbox 55 1644 1805 1713; baseline 0.003 -20"><span class='ocrx_word' id='word_1_226' title='bbox 55 1644 278 1694; x_wconf 78' lang='lat' dir='ltr'><strong>induisse.</strong></span> <span class='ocrx_word' id='word_1_227' title='bbox 346 1649 400 1695; x_wconf 95' lang='lat' dir='ltr'>N</span> <span class='ocrx_word' id='word_1_228' title='bbox 403 1661 460 1694; x_wconf 89' lang='lat' dir='ltr'><strong>ec</strong></span> <span class='ocrx_word' id='word_1_229' title='bbox 480 1644 720 1694; x_wconf 78' lang='lat' dir='ltr'><strong>invisibile</strong></span> <span class='ocrx_word' id='word_1_230' title='bbox 739 1645 901 1693; x_wconf 90' lang='lat' dir='ltr'><strong>red-dit</strong></span> <span class='ocrx_word' id='word_1_231' title='bbox 920 1661 1102 1710; x_wconf 88' lang='lat' dir='ltr'><strong>corpus</strong></span> <span class='ocrx_word' id='word_1_232' title='bbox 1119 1679 1131 1700; x_wconf 91' lang='lat'><strong>,</strong></span> <span class='ocrx_word' id='word_1_233' title='bbox 1158 1647 1239 1694; x_wconf 92' lang='lat' dir='ltr'><strong>sed</strong></span> <span class='ocrx_word' id='word_1_234' title='bbox 1257 1649 1453 1696; x_wconf 85' lang='lat' dir='ltr'><strong>veriore</strong></span> <span class='ocrx_word' id='word_1_235' title='bbox 1475 1647 1672 1713; x_wconf 67' lang='lat' dir='ltr'><strong>phy-fica</strong></span> <span class='ocrx_word' id='word_1_236' title='bbox 1695 1666 1805 1699; x_wconf 91' lang='lat' dir='ltr'><strong>non</strong></span> 
     </span>
     <span class='ocr_line' id='line_1_26' title="bbox 55 1706 1808 1772; baseline 0.002 -15"><span class='ocrx_word' id='word_1_237' title='bbox 55 1707 231 1757; x_wconf 82' lang='lat' dir='ltr'><strong>visum.</strong></span> <span class='ocrx_word' id='word_1_238' title='bbox 314 1710 454 1758; x_wconf 87' lang='lat' dir='ltr'><strong>Nam</strong></span> <span class='ocrx_word' id='word_1_239' title='bbox 488 1708 833 1772; x_wconf 84' lang='lat' dir='ltr'><strong>Apollonium</strong></span> <span class='ocrx_word' id='word_1_240' title='bbox 870 1708 950 1759; x_wconf 92' lang='lat' dir='ltr'><strong>vel</strong></span> <span class='ocrx_word' id='word_1_241' title='bbox 970 1706 1228 1758; x_wconf 76' lang='lat' dir='ltr'><strong>celerrime</strong></span> <span class='ocrx_word' id='word_1_242' title='bbox 1247 1707 1489 1759; x_wconf 86' lang='lat' dir='ltr'><strong>transtulit</strong></span> <span class='ocrx_word' id='word_1_243' title='bbox 1512 1744 1527 1765; x_wconf 92' lang='lat'><strong>,</strong></span> <span class='ocrx_word' id='word_1_244' title='bbox 1565 1713 1644 1761; x_wconf 87' lang='lat' dir='ltr'><strong>vel</strong></span> <span class='ocrx_word' id='word_1_245' title='bbox 1662 1715 1808 1761; x_wconf 88' lang='lat' dir='ltr'><strong>inter-</strong></span> 
     </span>
     <span class='ocr_line' id='line_1_27' title="bbox 54 1771 1807 1838; baseline 0.003 -20"><span class='ocrx_word' id='word_1_246' title='bbox 54 1771 221 1834; x_wconf 78' lang='lat' dir='ltr'><strong>posito</strong></span> <span class='ocrx_word' id='word_1_247' title='bbox 241 1787 458 1836; x_wconf 87' lang='lat' dir='ltr'><strong>corpore</strong></span> <span class='ocrx_word' id='word_1_248' title='bbox 473 1804 486 1825; x_wconf 92' lang='lat'><strong><em>‚</em></strong></span> <span class='ocrx_word' id='word_1_249' title='bbox 510 1782 594 1819; x_wconf 81' lang='lat' dir='ltr'><strong>aut</strong></span> <span class='ocrx_word' id='word_1_250' title='bbox 616 1772 804 1835; x_wconf 81' lang='lat' dir='ltr'><strong>agitato</strong></span> <span class='ocrx_word' id='word_1_251' title='bbox 835 1774 949 1820; x_wconf 76' lang='lat' dir='ltr'><strong>aere</strong></span> <span class='ocrx_word' id='word_1_252' title='bbox 968 1771 1140 1821; x_wconf 84' lang='lat' dir='ltr'><strong>vifivas</strong></span> <span class='ocrx_word' id='word_1_253' title='bbox 1162 1772 1341 1836; x_wconf 87' lang='lat' dir='ltr'><strong>species</strong></span> <span class='ocrx_word' id='word_1_254' title='bbox 1363 1772 1607 1838; x_wconf 82' lang='lat' dir='ltr'><strong>impediit,</strong></span> <span class='ocrx_word' id='word_1_255' title='bbox 1638 1790 1702 1823; x_wconf 92' lang='lat' dir='ltr'><strong>ne</strong></span> <span class='ocrx_word' id='word_1_256' title='bbox 1721 1775 1807 1824; x_wconf 85' lang='lat' dir='ltr'><strong>ad-</strong></span> 
     </span>
     <span class='ocr_line' id='line_1_28' title="bbox 59 1832 1804 1901; baseline 0.002 -17"><span class='ocrx_word' id='word_1_257' title='bbox 59 1832 293 1884; x_wconf 87' lang='lat' dir='ltr'><strong>stantium</strong></span> <span class='ocrx_word' id='word_1_258' title='bbox 312 1835 469 1882; x_wconf 90' lang='lat' dir='ltr'><strong>ocu-lis</strong></span> <span class='ocrx_word' id='word_1_259' title='bbox 490 1834 824 1883; x_wconf 80' lang='lat' dir='ltr'><strong>illaberentur.</strong></span> <span class='ocrx_word' id='word_1_260' title='bbox 917 1834 1155 1898; x_wconf 87' lang='lat' dir='ltr'><strong>Denique</strong></span> <span class='ocrx_word' id='word_1_261' title='bbox 1179 1838 1228 1884; x_wconf 71' lang='grc' dir='ltr'><strong>δε</strong></span> <span class='ocrx_word' id='word_1_262' title='bbox 1251 1837 1684 1901; x_wconf 84' lang='lat' dir='ltr'><strong>metamorphoses</strong></span> <span class='ocrx_word' id='word_1_263' title='bbox 1711 1839 1804 1888; x_wconf 85' lang='lat' dir='ltr'><strong>illae</strong></span> 
     </span>
     <span class='ocr_line' id='line_1_29' title="bbox 59 1896 1804 1954; baseline 0.003 -10"><span class='ocrx_word' id='word_1_264' title='bbox 59 1896 245 1947; x_wconf 77' lang='lat' dir='ltr'><strong>merito</strong></span> <span class='ocrx_word' id='word_1_265' title='bbox 261 1896 478 1951; x_wconf 82' lang='lat' dir='ltr'><strong>Nasoni,</strong></span> <span class='ocrx_word' id='word_1_266' title='bbox 503 1897 791 1945; x_wconf 87' lang='lat' dir='ltr'><strong>fabularum</strong></span> <span class='ocrx_word' id='word_1_267' title='bbox 805 1897 1051 1954; x_wconf 87' lang='lat' dir='ltr'><strong>ejusmodi</strong></span> <span class='ocrx_word' id='word_1_268' title='bbox 1072 1897 1385 1952; x_wconf 64' lang='lat' dir='ltr'><strong>Architesto,</strong></span> <span class='ocrx_word' id='word_1_269' title='bbox 1408 1899 1517 1948; x_wconf 89' lang='lat' dir='ltr'><strong>sunt</strong></span> <span class='ocrx_word' id='word_1_270' title='bbox 1525 1901 1804 1950; x_wconf 81' lang='lat' dir='ltr'><strong>adscriben-</strong></span> 
     </span>
     <span class='ocr_line' id='line_1_30' title="bbox 58 1958 1801 2029; baseline 0.002 -20"><span class='ocrx_word' id='word_1_271' title='bbox 58 1960 153 2009; x_wconf 84' lang='lat' dir='ltr'><strong>dae.</strong></span> <span class='ocrx_word' id='word_1_272' title='bbox 222 1958 289 2008; x_wconf 91' lang='lat' dir='ltr'><strong>Ut</strong></span> <span class='ocrx_word' id='word_1_273' title='bbox 299 1971 352 2007; x_wconf 84' lang='lat' dir='ltr'><strong>ut</strong></span> <span class='ocrx_word' id='word_1_274' title='bbox 363 1963 498 2009; x_wconf 87' lang='lat' dir='ltr'><strong>enirn</strong></span> <span class='ocrx_word' id='word_1_275' title='bbox 512 1959 709 2008; x_wconf 83' lang='lat' dir='ltr'><strong>diffiteri</strong></span> <span class='ocrx_word' id='word_1_276' title='bbox 730 1976 823 2009; x_wconf 88' lang='lat' dir='ltr'><strong>nec</strong></span> <span class='ocrx_word' id='word_1_277' title='bbox 841 1961 994 2008; x_wconf 88' lang='lat' dir='ltr'><strong>velim</strong></span> <span class='ocrx_word' id='word_1_278' title='bbox 1008 1993 1020 2012; x_wconf 84' lang='lat'><strong>,</strong></span> <span class='ocrx_word' id='word_1_279' title='bbox 1042 1976 1135 2008; x_wconf 89' lang='lat' dir='ltr'><strong>nec</strong></span> <span class='ocrx_word' id='word_1_280' title='bbox 1151 1959 1332 2024; x_wconf 82' lang='lat' dir='ltr'><strong>poffim</strong></span> <span class='ocrx_word' id='word_1_281' title='bbox 1348 1994 1361 2014; x_wconf 95' lang='lat'><strong>,</strong></span> <span class='ocrx_word' id='word_1_282' title='bbox 1382 1959 1526 2023; x_wconf 81' lang='lat' dir='ltr'><strong>quod</strong></span> <span class='ocrx_word' id='word_1_283' title='bbox 1543 1960 1801 2029; x_wconf 84' lang='lat' dir='ltr'><strong>praestigias</strong></span> 
     </span>
     <span class='ocr_line' id='line_1_31' title="bbox 59 2020 1803 2087; baseline 0.002 -15"><span class='ocrx_word' id='word_1_284' title='bbox 59 2022 239 2072; x_wconf 81' lang='lat' dir='ltr'><strong>ssmiles</strong></span> <span class='ocrx_word' id='word_1_285' title='bbox 261 2037 367 2070; x_wconf 90' lang='lat' dir='ltr'><strong>non</strong></span> <span class='ocrx_word' id='word_1_286' title='bbox 386 2020 500 2071; x_wconf 81' lang='lat' dir='ltr'><strong>raro</strong></span> <span class='ocrx_word' id='word_1_287' title='bbox 522 2027 625 2072; x_wconf 91' lang='lat' dir='ltr'><strong>veri</strong></span> <span class='ocrx_word' id='word_1_288' title='bbox 646 2026 953 2073; x_wconf 83' lang='lat' dir='ltr'><strong>comitentur</strong></span> <span class='ocrx_word' id='word_1_289' title='bbox 971 2021 1172 2071; x_wconf 62' lang='lat' dir='ltr'><strong>effeetus</strong></span> <span class='ocrx_word' id='word_1_290' title='bbox 1185 2055 1198 2076; x_wconf 96' lang='lat'><strong>,</strong></span> <span class='ocrx_word' id='word_1_291' title='bbox 1220 2025 1317 2087; x_wconf 87' lang='lat' dir='ltr'><strong>ipsa</strong></span> <span class='ocrx_word' id='word_1_292' title='bbox 1334 2035 1510 2074; x_wconf 88' lang='lat' dir='ltr'><strong>tamen</strong></span> <span class='ocrx_word' id='word_1_293' title='bbox 1528 2038 1803 2076; x_wconf 82' lang='lat' dir='ltr'><strong>metamor-</strong></span> 
     </span>
     <span class='ocr_line' id='line_1_32' title="bbox 60 2082 1804 2153; baseline 0.002 -19"><span class='ocrx_word' id='word_1_294' title='bbox 60 2083 227 2150; x_wconf 83' lang='lat' dir='ltr'><strong>phofis</strong></span> <span class='ocrx_word' id='word_1_295' title='bbox 248 2083 488 2134; x_wconf 87' lang='lat' dir='ltr'><strong>delusoria</strong></span> <span class='ocrx_word' id='word_1_296' title='bbox 507 2082 576 2133; x_wconf 87' lang='lat' dir='ltr'><strong>est</strong></span> <span class='ocrx_word' id='word_1_297' title='bbox 594 2121 609 2136; x_wconf 89' lang='lat'>‚</span> <span class='ocrx_word' id='word_1_298' title='bbox 634 2101 691 2134; x_wconf 90' lang='lat' dir='ltr'><strong>ac</strong></span> <span class='ocrx_word' id='word_1_299' title='bbox 713 2088 887 2134; x_wconf 89' lang='lat' dir='ltr'><strong>inanis.</strong></span> <span class='ocrx_word' id='word_1_300' title='bbox 957 2087 1070 2134; x_wconf 89' lang='lat' dir='ltr'><strong>Nec</strong></span> <span class='ocrx_word' id='word_1_301' title='bbox 1082 2085 1253 2133; x_wconf 86' lang='lat' dir='ltr'><strong>desunt</strong></span> <span class='ocrx_word' id='word_1_302' title='bbox 1266 2083 1491 2136; x_wconf 86' lang='lat' dir='ltr'><strong>histrioni</strong></span> <span class='ocrx_word' id='word_1_303' title='bbox 1508 2090 1685 2153; x_wconf 83' lang='lat' dir='ltr'><strong>Stygio</strong></span> <span class='ocrx_word' id='word_1_304' title='bbox 1698 2104 1804 2138; x_wconf 90' lang='lat' dir='ltr'><strong>me-</strong></span> 
     </span>
     <span class='ocr_line' id='line_1_33' title="bbox 58 2147 1805 2213; baseline 0.003 -17"><span class='ocrx_word' id='word_1_305' title='bbox 58 2148 171 2200; x_wconf 87' lang='lat' dir='ltr'><strong>dia,</strong></span> <span class='ocrx_word' id='word_1_306' title='bbox 193 2147 370 2210; x_wconf 89' lang='lat' dir='ltr'><strong>quibus</strong></span> <span class='ocrx_word' id='word_1_307' title='bbox 399 2163 535 2196; x_wconf 90' lang='lat' dir='ltr'><strong>nunc</strong></span> <span class='ocrx_word' id='word_1_308' title='bbox 563 2149 870 2213; x_wconf 67' lang='lat' dir='ltr'><strong>repraesentet</strong></span> <span class='ocrx_word' id='word_1_309' title='bbox 890 2147 1156 2196; x_wconf 88' lang='lat' dir='ltr'><strong>Camillam</strong></span> <span class='ocrx_word' id='word_1_310' title='bbox 1179 2181 1193 2202; x_wconf 93' lang='lat'><strong>,</strong></span> <span class='ocrx_word' id='word_1_311' title='bbox 1228 2151 1347 2212; x_wconf 87' lang='lat' dir='ltr'><strong>picae</strong></span> <span class='ocrx_word' id='word_1_312' title='bbox 1373 2149 1622 2200; x_wconf 86' lang='lat' dir='ltr'><strong>schemate</strong></span> <span class='ocrx_word' id='word_1_313' title='bbox 1638 2184 1651 2205; x_wconf 91' lang='lat'><strong>,</strong></span> <span class='ocrx_word' id='word_1_314' title='bbox 1679 2153 1805 2202; x_wconf 87' lang='lat' dir='ltr'><strong>voli-</strong></span> 
     </span>
     <span class='ocr_line' id='line_1_34' title="bbox 56 2210 1803 2279; baseline 0.003 -21"><span class='ocrx_word' id='word_1_315' title='bbox 56 2222 252 2258; x_wconf 82' lang='lat' dir='ltr'><strong>tantem</strong></span> <span class='ocrx_word' id='word_1_316' title='bbox 271 2213 502 2275; x_wconf 75' lang='lat' dir='ltr'><strong>petaera5</strong></span> <span class='ocrx_word' id='word_1_317' title='bbox 537 2226 672 2260; x_wconf 90' lang='lat' dir='ltr'><strong>nunc</strong></span> <span class='ocrx_word' id='word_1_318' title='bbox 691 2210 917 2258; x_wconf 84' lang='lat' dir='ltr'><strong>exhibeat</strong></span> <span class='ocrx_word' id='word_1_319' title='bbox 942 2211 1155 2271; x_wconf 81' lang='lat' dir='ltr'><strong>Magum</strong></span> <span class='ocrx_word' id='word_1_320' title='bbox 1170 2244 1183 2263; x_wconf 87' lang='lat'><strong>,</strong></span> <span class='ocrx_word' id='word_1_321' title='bbox 1221 2210 1388 2276; x_wconf 67' lang='lat' dir='ltr'><strong>lupina</strong></span> <span class='ocrx_word' id='word_1_322' title='bbox 1411 2213 1599 2263; x_wconf 63' lang='lat' dir='ltr'><strong>teetum</strong></span> <span class='ocrx_word' id='word_1_323' title='bbox 1624 2214 1803 2279; x_wconf 83' lang='lat' dir='ltr'><strong>effigie,</strong></span> 
     </span>
     <span class='ocr_line' id='line_1_35' title="bbox 59 2273 1803 2337; baseline 0.002 -15"><span class='ocrx_word' id='word_1_324' title='bbox 59 2275 333 2322; x_wconf 84' lang='lat' dir='ltr'><strong>irruentem</strong></span> <span class='ocrx_word' id='word_1_325' title='bbox 353 2275 406 2321; x_wconf 91' lang='lat' dir='ltr'><strong>in</strong></span> <span class='ocrx_word' id='word_1_326' title='bbox 422 2274 582 2321; x_wconf 87' lang='lat' dir='ltr'><strong>caulas</strong></span> <span class='ocrx_word' id='word_1_327' title='bbox 606 2307 619 2327; x_wconf 93' lang='lat'><strong>,</strong></span> <span class='ocrx_word' id='word_1_328' title='bbox 656 2289 712 2320; x_wconf 88' lang='lat' dir='ltr'><strong>ac</strong></span> <span class='ocrx_word' id='word_1_329' title='bbox 739 2273 999 2321; x_wconf 85' lang='lat' dir='ltr'><strong>miserabili</strong></span> <span class='ocrx_word' id='word_1_330' title='bbox 1028 2276 1182 2337; x_wconf 80' lang='lat' dir='ltr'><strong>strage</strong></span> <span class='ocrx_word' id='word_1_331' title='bbox 1203 2278 1253 2323; x_wconf 90' lang='lat' dir='ltr'><strong>in</strong></span> <span class='ocrx_word' id='word_1_332' title='bbox 1276 2279 1528 2326; x_wconf 84' lang='lat' dir='ltr'><strong>innocuos</strong></span> <span class='ocrx_word' id='word_1_333' title='bbox 1549 2277 1803 2325; x_wconf 85' lang='lat' dir='ltr'><strong>furentem</strong></span> 
     </span>
    </p>

    <p class='ocr_par' dir='ltr' id='par_1_4' title="bbox 55 2334 1801 2643">
     <span class='ocr_line' id='line_1_36' title="bbox 99 2334 1801 2400; baseline 0.001 -16"><span class='ocrx_word' id='word_1_334' title='bbox 99 2350 250 2400; x_wconf 83' lang='lat' dir='ltr'><strong>reges.</strong></span> <span class='ocrx_word' id='word_1_335' title='bbox 317 2338 457 2386; x_wconf 86' lang='lat' dir='ltr'><strong>Nam</strong></span> <span class='ocrx_word' id='word_1_336' title='bbox 473 2334 593 2400; x_wconf 88' lang='lat' dir='ltr'><strong>saepe</strong></span> <span class='ocrx_word' id='word_1_337' title='bbox 614 2351 789 2384; x_wconf 86' lang='lat' dir='ltr'><strong>verum</strong></span> <span class='ocrx_word' id='word_1_338' title='bbox 809 2351 990 2398; x_wconf 83' lang='lat' dir='ltr'><strong>corpus</strong></span> <span class='ocrx_word' id='word_1_339' title='bbox 1010 2335 1271 2390; x_wconf 87' lang='lat' dir='ltr'><strong>substituit,</strong></span> <span class='ocrx_word' id='word_1_340' title='bbox 1298 2340 1450 2388; x_wconf 86' lang='lat' dir='ltr'><strong>motis</strong></span> <span class='ocrx_word' id='word_1_341' title='bbox 1469 2338 1654 2389; x_wconf 76' lang='lat' dir='ltr'><strong>interea</strong></span> <span class='ocrx_word' id='word_1_342' title='bbox 1667 2341 1801 2400; x_wconf 81' lang='lat' dir='ltr'><strong>Sagae</strong></span> 
     </span>
     <span class='ocr_line' id='line_1_37' title="bbox 60 2350 1801 2464; baseline 0.003 -18"><span class='ocrx_word' id='word_1_343' title='bbox 60 2350 377 2451; x_wconf 49' lang='lat' dir='ltr'><strong>{umoribuffi</strong></span> <span class='ocrx_word' id='word_1_344' title='bbox 389 2410 444 2446; x_wconf 91' lang='lat' dir='ltr'><strong>ut</strong></span> <span class='ocrx_word' id='word_1_345' title='bbox 462 2411 574 2448; x_wconf 84' lang='lat' dir='ltr'><strong>atrae</strong></span> <span class='ocrx_word' id='word_1_346' title='bbox 587 2398 693 2447; x_wconf 88' lang='lat' dir='ltr'><strong>bilis</strong></span> <span class='ocrx_word' id='word_1_347' title='bbox 706 2398 1060 2462; x_wconf 84' lang='lat' dir='ltr'><strong>exeeffulupini</strong></span> <span class='ocrx_word' id='word_1_348' title='bbox 1076 2398 1279 2450; x_wconf 73' lang='lat' dir='ltr'><strong>affectus</strong></span> <span class='ocrx_word' id='word_1_349' title='bbox 1289 2402 1519 2451; x_wconf 83' lang='lat' dir='ltr'><strong>animum</strong></span> <span class='ocrx_word' id='word_1_350' title='bbox 1533 2411 1801 2464; x_wconf 73' lang='lat' dir='ltr'><strong>occupent,</strong></span> 
     </span>
     <span class='ocr_line' id='line_1_38' title="bbox 55 2460 1801 2528; baseline 0.002 -18"><span class='ocrx_word' id='word_1_351' title='bbox 55 2460 202 2524; x_wconf 87' lang='lat' dir='ltr'><strong>quod</strong></span> <span class='ocrx_word' id='word_1_352' title='bbox 226 2461 510 2526; x_wconf 89' lang='lat' dir='ltr'><strong>symptoma</strong></span> <span class='ocrx_word' id='word_1_353' title='bbox 537 2460 848 2511; x_wconf 87' lang='lat' dir='ltr'><strong>Machaones</strong></span> <span class='ocrx_word' id='word_1_354' title='bbox 875 2461 1303 2527; x_wconf 86' lang='lat' dir='ltr'><strong>Lycanthropiam</strong></span> <span class='ocrx_word' id='word_1_355' title='bbox 1331 2465 1593 2528; x_wconf 80' lang='lat' dir='ltr'><strong>appellant.</strong></span> <span class='ocrx_word' id='word_1_356' title='bbox 1671 2463 1801 2514; x_wconf 85' lang='lat' dir='ltr'><strong>Non</strong></span> 
     </span>
     <span class='ocr_line' id='line_1_39' title="bbox 62 2523 1800 2643; baseline -0.001 -67"><span class='ocrx_word' id='word_1_357' title='bbox 62 2538 339 2589; x_wconf 85' lang='lat' dir='ltr'><strong>nunquam,</strong></span> <span class='ocrx_word' id='word_1_358' title='bbox 348 2524 546 2577; x_wconf 86' lang='lat' dir='ltr'><strong>absente</strong></span> <span class='ocrx_word' id='word_1_359' title='bbox 565 2526 726 2589; x_wconf 87' lang='lat' dir='ltr'><strong>Mago</strong></span> <span class='ocrx_word' id='word_1_360' title='bbox 739 2557 754 2580; x_wconf 91' lang='lat'><strong>,</strong></span> <span class='ocrx_word' id='word_1_361' title='bbox 787 2528 837 2575; x_wconf 84' lang='lat'>&amp;</span> <span class='ocrx_word' id='word_1_362' title='bbox 855 2527 908 2574; x_wconf 88' lang='lat' dir='ltr'><strong>in</strong></span> <span class='ocrx_word' id='word_1_363' title='bbox 913 2524 1071 2641; x_wconf 50' lang='lat' dir='ltr'><strong>1[ifecu</strong></span> <span class='ocrx_word' id='word_1_364' title='bbox 1088 2524 1376 2581; x_wconf 60' lang='lat' dir='ltr'><strong>abscondita</strong></span> <span class='ocrx_word' id='word_1_365' title='bbox 1391 2527 1627 2593; x_wconf 79' lang='lat' dir='ltr'><strong>soporato</strong></span> <span class='ocrx_word' id='word_1_366' title='bbox 1641 2555 1655 2577; x_wconf 84' lang='lat'><em>‚</em></span> <span class='ocrx_word' id='word_1_367' title='bbox 1684 2523 1800 2643; x_wconf 48' lang='lat' dir='ltr'><strong>izsev</strong></span> 
     </span>
    </p>

    <p class='ocr_par' dir='ltr' id='par_1_5' title="bbox 1629 2600 1714 2638">
     <span class='ocr_line' id='line_1_40' title="bbox 1629 2600 1714 2638; baseline 0 0"><span class='ocrx_word' id='word_1_368' title='bbox 1629 2600 1714 2638; x_wconf 70' lang='lat' dir='ltr'><strong>me</strong></span> 
     </span>
    </p>
   </div>
  </div>
 </body>
</html>
