2175 2911
391 121 486 166 '222
1003 112 1150 173 Janus
1182 110 1387 174 Bistonis

326 217 493 256 tarum
503 203 694 255 fabulas
709 237 722 260 ,
745 201 828 255 hic
848 204 1037 255 videbis
1056 204 1269 257 minime
1296 205 1512 256 fabulas:
1549 218 1745 257 cernes,
1776 204 1832 257 iit
1855 207 2061 274 fugitiva

325 269 415 319 sub
443 269 586 319 undis
614 268 894 319 fallentibus
924 286 1079 335 poma
1108 267 1284 319 frustra
1305 270 1465 335 gulofi
1491 270 1700 321 esuriant
1719 272 1919 320 Tantali
1942 291 1953 320 z
2007 272 2065 321 ut

325 348 497 382 rerum
526 333 884 396 temporalium
909 333 1170 382 helluones
1201 334 1389 398 Sisyphi
1418 331 1593 384 frustra
1617 346 1816 399 petant,
1850 337 1900 384 &
1922 350 2065 400 urge-

324 408 411 444 ant
440 397 679 442 rediturum
701 397 831 442 denua
850 396 1024 454 saxam:
1064 396 1117 445 ut
1138 398 1223 445 sub
1245 398 1443 447 vulture
1469 410 1674 461 gemant
1692 412 1890 461 rapaces
1901 399 2059 455 §Titib

326 459 383 508 ut
408 474 545 508 vanae
576 458 767 508 Belides
795 462 847 508 in
874 461 1041 508 cribris
1075 476 1260 523 aquam
1285 462 1494 509 inaniter
1525 460 1786 510 hauriant:
1825 459 1880 509 ut
1899 460 2062 510 lascivi

323 523 548 573 Ixiones,
572 524 622 570 in
648 536 760 571 rota
790 525 1068 572 aeternitatis
1086 557 1100 577 ,
1141 524 1412 573 volvantur
1437 557 1450 577 ,
1479 519 1634 586 seque
1657 523 1913 586 sequendo
1935 523 2061 587 fugi-

325 597 427 633 ant.
476 583 592 635 Imo
624 588 809 637 erravi:
846 602 995 636 merae
1016 587 1193 636 fabula:
1220 587 1356 642 suut,
1382 586 1487 636 hoe
1511 588 1563 635 in
1582 587 1735 642 loco,
1757 586 1831 636 hae
1852 585 2058 641 fabulae3

325 647 516 698 umbrae
547 648 686 705 sunt,
704 665 815 699 non
844 662 1123 699 tormenta:

699 714 790 760 Hac
812 716 938 760 mites
961 716 1186 761 Diomedis
1213 717 1311 778 equi
1322 753 1334 765 ,
1361 712 1565 772 Busiridis
1585 715 1688 761 Arce

702 777 957 828 sternentes,
984 779 1186 824 Phalaris
1212 780 1332 825 tauri
1346 778 1528 834 salatia,
1550 780 1692 824 molles

699 843 883 887 Scironis
892 840 1075 901 scopuli,
1100 843 1290 888 Schineos
1312 852 1470 900 pacata
1507 841 1732 899 firmanis.
2004 862 2008 866 ’

322 903 465 954 Nam
490 902 611 967 quid
630 904 752 966 quid
778 904 1034 953 malorum
1064 907 1345 968 excogitare
1374 903 1575 953 saevitia‚
1607 904 1730 966 quid
1757 903 1879 966 quid
1912 903 2060 953 dolo-

323 982 439 1014 rum
459 982 767 1030 congregare
795 965 961 1032 potest
981 980 1216 1031 corrupta
1248 966 1440 1014 morbis
1468 969 1689 1020 Natura,
1709 966 1888 1015 fabulae
1922 968 2060 1021 sunt,

322 1043 433 1091 quae
458 1032 673 1079 nonnisi
697 1033 749 1078 in
778 1029 1058 1093 phantafia,
1079 1030 1401 1077 umbratilem
1427 1028 1662 1075 exhibent
1683 1031 1922 1077 moeroris
1949 1031 2064 1078 See-

317 1107 457 1141 nam.
559 1092 835 1149 Objestum
858 1091 1021 1143 oculi,
1039 1091 1255 1138 tenebrae
1283 1090 1390 1137 suut
1404 1123 1417 1142 ,
1437 1090 1543 1152 plus
1564 1089 1719 1151 quam
1738 1091 1988 1146 Cimeriae,
2009 1094 2063 1141 in

319 1155 502 1214 quibus
529 1168 637 1201 non
657 1152 743 1200 nili
762 1154 1025 1200 teterrimae
1053 1151 1505 1215 fulgurantlnferni
1531 1152 1701 1200 larvae:
1739 1169 1878 1201 aures
1909 1156 2061 1203 male-

321 1215 450 1263 dieta
482 1214 733 1278 flagellant
756 1247 770 1268 ,
796 1213 1000 1263 hebetat
1032 1214 1263 1263 dentium
1288 1210 1495 1268 stridor,
1526 1211 1769 1277 mixtique
1787 1249 1798 1269 ,
1819 1216 2061 1279 rugitibus

321 1276 523 1326 diffonis
547 1311 564 1332 ,
592 1278 807 1326 ululatus
838 1277 1150 1326 obtundunt.
1250 1277 1607 1342 Voluptuarias
1641 1278 1807 1327 fauces
1847 1282 2064 1343 eliquata

318 1342 402 1406 pix
430 1341 594 1395 satiat,
619 1345 669 1391 ὃς
699 1340 867 1390 luridae
896 1342 1087 1389 lacertae
1119 1353 1300 1405 repunt
1328 1356 1417 1405 per
1446 1338 1796 1390 stomachum:
1834 1345 2064 1392 embam-

319 1416 459 1453 mata
487 1405 598 1453 sunt
627 1419 824 1453 venena
843 1437 856 1459 ,
886 1419 981 1468 pro
1011 1406 1295 1468 tragematis
1327 1404 1545 1453 lerviunt
1575 1404 1829 1455 bufones:
1881 1405 2064 1456 semesa

319 1467 554 1517 membra
572 1467 943 1516 intolerabilem
966 1467 1145 1531 spirant
1167 1467 1455 1532 mephytin:
1485 1482 1626 1517 aerata
1648 1471 1787 1517 incus
1807 1470 1936 1519 vices
1959 1470 2064 1534 sup-

319 1531 424 1595 plet
443 1530 645 1594 spondae
669 1531 918 1579 eburneae,
937 1532 1022 1578 ubi
1039 1529 1084 1577 se
1107 1530 1353 1579 vulcam-21
1367 1532 1623 1596 Cyclopes
1636 1545 1881 1581 exercent.
1929 1535 2060 1582 Inte-

321 1595 418 1641 rim
442 1592 625 1641 lebetes
652 1592 953 1642 incalescunt
976 1593 1244 1642 ebulliente
1262 1593 1520 1658 sulphure,
1543 1599 1592 1645 &
1612 1595 1769 1643 selina
1787 1596 1972 1644 exultat
1990 1599 2063 1644 in-

319 1667 396 1703 ter
415 1655 635 1704 torridos
654 1658 808 1720 ignes,
821 1669 876 1705 ut
893 1658 1050 1705 carnis
1072 1656 1324 1705 illecebras
1344 1657 1591 1706 vindicet:
1628 1674 1724 1721 pro
1746 1658 1938 1707 ferocia
1959 1675 2063 1707 cer-

320 1730 429 1767 tant
451 1718 820 1774 Rhadamanti,
846 1723 895 1770 &
917 1718 1078 1770 AEaci:
1115 1719 1191 1777 alij
1214 1719 1447 1784 expeditis
1467 1720 1650 1769 retibus
1665 1753 1678 1775 ,
1702 1723 1753 1769 &
1778 1720 1940 1785 harpis
1971 1723 2062 1770 cir-

320 1782 696 1831 cumfremunt:
719 1784 794 1841 alij
818 1784 1146 1847 Pyracmonis
1179 1783 1456 1847 compedes
1484 1795 1678 1832 rotant:
1714 1784 1790 1840 alij
1819 1786 2060 1848 improvi-

321 1845 417 1894 dos
446 1845 614 1894 ferreis
636 1846 876 1910 longuriis
906 1848 1173 1895 inuncant:
1220 1846 1297 1903 alij
1322 1846 1579 1901 involant,
1600 1849 1651 1896 <Sc
1682 1845 1897 1895 horridis
1923 1843 2063 1898 intro

318 1908 523 1957 trahunt
545 1909 744 1973 capillis.
845 1911 994 1978 Qos
1014 1908 1145 1974 prius
1166 1912 1419 1958 cinxerant
1439 1921 1647 1972 torques
1668 1926 1852 1964 aureae,
1878 1911 2060 1960 &inse-

318 1985 434 2020 cuta
458 1974 566 2020 sunt
600 1973 836 2036 lyrmata,
859 1968 1107 2036 longique
1137 1972 1357 2027 elenchi,
1386 1988 1522 2021 nunc
1542 1974 1846 2037 Gorgones,
1864 1972 2060 2023 Draco-

317 2049 430 2087 nes,
452 2038 502 2084 &
529 2035 821 2084 cenchrides
845 2036 1101 2085 ambiunt:
1137 2038 1313 2100 viperae
1335 2036 1444 2084 sunt
1463 2037 1691 2091 armillae,
1726 2032 1918 2086 catastae
1945 2035 2054 2086 sunt

325 2097 538 2151 collare,
567 2100 749 2147 cameli
777 2101 962 2148 nautici
992 2110 1199 2163 gravant
1230 2098 1480 2148 nudatum
1508 2112 1694 2165 tergus,
1760 2097 1964 2151 Verbo:
1998 2103 2052 2148 in

324 2175 455 2210 orco
479 2161 547 2208 nil
574 2160 661 2209 nifi
685 2178 862 2225 poena,
887 2163 1091 2212 credere
1111 2164 1197 2225 qui
1218 2165 1406 2217 renuit,
1435 2178 1493 2211 ex
1532 2167 1727 2212 erratur.

452 2224 649 2273 LEUC:
717 2227 832 2281 Jam
850 2242 958 2274 non
979 2228 1141 2275 miror
1164 2224 1373 2274 effatum
1393 2226 1480 2274 illu
1532 2259 1545 2281 ,
1564 2226 1793 2276 Oraculis
1811 2239 2051 2274 annume-

325 2286 540 2336 randum
565 2318 578 2339 ,
633 2287 775 2349 quod
793 2289 820 2344 J
827 2291 997 2338 uvenis
1027 2289 1237 2352 quidam
1259 2288 1486 2353 Sophus,
1523 2289 1648 2339 dum
1667 2288 2048 2338 conclusionem

325 2351 607 2399 vocationis
629 2348 914 2404 heroicam,
949 2349 1082 2402 male
1096 2352 1424 2416 reprobarent
1438 2353 1597 2406 senes,
1634 2347 1835 2417 pessime
1856 2352 2046 2416 impug-

322 2424 498 2462 natent
515 2413 728 2465 inimici,
763 2411 818 2460 ut
840 2413 987 2466 solet,
1022 2417 1197 2465 amici:
1243 2429 1466 2481 parceret
1484 2417 1632 2464 aetatis
1652 2414 1791 2467 flori,
1825 2416 2060 2470 teneritu-

325 2475 501 2524 dinem
529 2475 712 2524 indolis
743 2474 1004 2525 delicatam
1044 2479 1258 2528 ferendo
1294 2495 1404 2529 non
1437 2478 1531 2527 effe
1559 2473 1845 2525 monastico
1883 2480 2043 2526 oneri.

325 2538 526 2607 Qibus
546 2537 629 2590 ille
657 2555 671 2588 :
721 2535 757 2590 ὂ
777 2535 909 2590 male
929 2543 1159 2607 providi!
1202 2542 1309 2594 hoc
1329 2543 1509 2607 clypeo
1527 2541 1749 2596 armatis,
1782 2554 1891 2588 non
1915 2556 2047 2612 exar-

1835 2615 1982 2654 matis
