2175 2911
591 156 595 160 ·
647 87 1050 152 Technophylacium
1074 91 1308 153 Phyficum.
1701 111 1754 158 23
1769 115 1787 159 3

107 187 203 253 ipse
225 186 254 238 ὲ
275 186 441 236 tabula
462 185 513 234 id
531 196 835 238 remoturus,
860 183 962 233 hoc
975 185 1113 234 Artis
1129 187 1362 252 prodigio
1377 220 1390 242 ,
1413 201 1522 238 non
1544 187 1646 239 fine
1669 192 1854 246 rubore

101 256 149 303 se
161 249 353 299 senserit
370 249 656 313 deceptum.
734 249 909 297 Zeuxis
924 262 1054 302 aves,
1068 249 1342 299 Parrhasius
1360 251 1556 317 decepit
1568 254 1851 314 Artificem,

101 313 183 364 sed
201 326 359 361 artem
377 311 529 377 ipsam
553 311 934 374 propemodum
954 310 1129 360 fefellit
1153 314 1355 378 Apelles
1372 348 1383 368 ‚
1409 315 1528 364 dum
1551 317 1850 382 Protogenis

101 379 240 427 lineae
265 374 596 439 superaddidit
620 375 851 423 ultimam
873 375 1058 423 lineam
1080 407 1093 427 ,
1128 390 1191 424 eo
1220 378 1488 428 subtilitatis
1511 380 1746 445 prodigio
1763 417 1774 436 ‚
1796 397 1852 433 ut

101 439 256 501 ipsam
285 438 560 486 oculorum
606 440 766 486 aciem
806 438 1186 502 propemodum
1210 440 1403 504 fugeret
1432 460 1441 490 :
1475 446 1529 492 6<
1548 447 1775 508 nunquid
1797 462 1853 495 o-

102 501 282 553 stendit
312 501 408 548 diei
436 501 526 549 suae
559 498 792 549 suffeciffe
823 499 952 550 hanc
981 501 1203 550 lineam?
1239 502 1355 552 hinc
1374 505 1585 569 legimus
1609 540 1622 561 ‚
1654 520 1758 558 tam
1780 509 1857 558 fu·

102 565 184 617 isse
206 561 502 613 industrium
518 595 532 618 ‚
552 575 609 613 ut
639 563 774 613 nulla
799 564 965 612 eidem
988 564 1091 614 dies
1116 563 1218 613 fine
1245 566 1372 615 linea
1402 568 1701 620 elaberetur:
1748 584 1856 622 tam

105 630 350 695 peritum,
383 639 435 676 ut
457 629 508 675 in
536 628 783 691 ergaterio
811 628 899 676 suo
925 628 1139 693 hospites
1166 627 1371 678 haberet
1389 632 1731 689 Alexandros,
1756 636 1854 686 Ar-

105 695 162 741 tis
198 689 574 756 praedicatores:
612 703 717 739 tam
739 690 991 739 celebrem
1014 723 1027 745 ‚
1067 703 1120 740 ut
1141 692 1296 741 iidem
1321 694 1487 744 edisto
1523 696 1730 760 publico
1768 713 1852 748 ve-

108 765 295 807 tarent,
314 769 378 802 ne
409 753 472 802 ab
499 754 599 803 alio
622 756 970 817 pingerentur:
1008 764 1113 802 tam
1151 754 1369 817 denique
1399 759 1774 815 inimitabilem,
1800 773 1856 811 ut

106 819 230 868 Cois
252 818 508 880 inceptum
534 831 689 879 opus,
711 815 835 864 cum
853 828 1022 864 morte
1042 830 1320 881 praeventus
1337 821 1691 884 imperfeEtum
1710 825 1854 874 relin-

106 890 307 944 queret,
326 889 547 942 repertus
566 880 623 927 fit
644 892 821 930 nemo,
837 880 922 939 qui
942 879 1174 927 ultimam
1196 880 1363 930 eidem
1387 897 1599 931 manum
1622 887 1859 948 impone-

105 958 160 992 re
182 939 562 1007 praelumpfiffet.
630 939 760 989 Illud
786 939 848 988 de
865 939 969 989 hoc
987 940 1199 990 Artifice
1219 944 1369 992 Fama
1390 944 1580 1008 spargit,
1602 945 1747 1008 quod
1770 950 1860 999 ini-

107 1018 164 1055 to
183 1021 302 1054 cum
319 1003 529 1053 AEmulis
543 1003 632 1051 suis
651 1004 923 1050 certamine
940 1004 991 1049 in
1010 1003 1335 1053 efformando
1354 1006 1590 1069 sonipede
1605 1040 1618 1061 ‚
1637 1008 1756 1058 cum
1774 1012 1861 1068 Ju-

108 1070 240 1117 dices
267 1063 391 1115 auro
418 1078 682 1129 corruptos
698 1096 710 1118 ,
734 1065 887 1113 veluti
910 1080 1069 1113 caecos
1089 1065 1151 1113 de
1175 1068 1434 1117 coloribus
1457 1069 1673 1126 judicare
1693 1070 1857 1123 notas-

107 1132 202 1184 set,
239 1130 300 1178 ad
333 1130 609 1177 Brutorum
644 1125 936 1192 provocarit
974 1129 1215 1177 Tribunal
1247 1148 1257 1177 :
1308 1147 1402 1179 nec
1431 1131 1614 1182 infelici
1643 1148 1855 1189 eventu;

107 1209 227 1243 nam
258 1191 604 1255 quadrupedes
634 1191 661 1240 a
690 1189 886 1252 fingulis
917 1190 1120 1254 depicti,
1147 1191 1263 1240 cum
1289 1196 1339 1241 in
1360 1192 1611 1245 orchestra
1634 1200 1772 1260 equis
1803 1215 1857 1248 0-

108 1254 470 1307 stenderentur‚
488 1254 679 1317 Apellis
701 1252 900 1301 tantum
923 1252 1147 1318 sonipedi
1165 1255 1508 1307 adhinnivere.
1560 1260 1658 1309 Sed
1680 1264 1863 1312 &Zeu-

107 1335 189 1369 xes
213 1334 318 1367 non
345 1332 452 1364 uno
476 1317 742 1380 specimine
775 1315 820 1363 se
839 1315 957 1363 fecit
971 1317 1100 1365 Orbi
1121 1319 1430 1368 mirabilem:
1450 1319 1559 1371 imo
1580 1324 1860 1374 mirabilem

109 1386 159 1433 ὅ(
182 1381 268 1430 libi
286 1379 370 1445 ipsi
392 1380 436 1427 se
460 1379 690 1433 reddidit,
715 1378 838 1426 dum
859 1378 994 1442 pietae
1014 1379 1253 1444 Penelopi
1273 1381 1402 1432 hanc
1423 1385 1518 1448 ipse
1531 1386 1859 1451 epigraphen:

111 1440 531 1503 invzfitrumfacilitis
552 1444 749 1505 Zoilum,
773 1440 898 1504 qudm
921 1445 1212 1491 imitaturum.
1282 1447 1414 1494 Hinc
1436 1451 1558 1496 tanti
1588 1448 1761 1498 habuit
1781 1452 1863 1501 sua
1891 1459 2007 1508 Plin.
2031 1461 2063 1506 l.

110 1523 282 1573 opera,
307 1518 360 1555 ut
384 1506 529 1556 dono
549 1505 712 1560 daret,
732 1520 841 1554 non
861 1505 1116 1559 venderet,
1140 1519 1294 1561 ratus,
1317 1510 1513 1557 nullum
1538 1516 1750 1574 pretium
1776 1530 1863 1563 un-
1896 1533 2102 1578 35,c‚10,

114 1586 270 1636 quam
291 1570 403 1618 fore
421 1570 755 1633 condignum.
824 1567 1028 1617 Accidit
1048 1581 1235 1623 tamen,
1249 1584 1303 1620 ut
1326 1572 1406 1620 ubi
1429 1573 1747 1638 cphebulum
1757 1579 1864 1642 pin·
1897 1597 1969 1630 11.

113 1633 273 1688 xiffet‚
297 1633 544 1681 ferentem
574 1648 721 1685 uvas,
748 1627 973 1694 moxque
1006 1633 1301 1682 advolarent
1326 1636 1580 1692 Aviculae‚
1600 1643 1741 1702 operi
1770 1641 1860 1690 suo

114 1701 263 1748 iratus
284 1696 479 1745 dixerit:
518 1696 721 1745 laudant
751 1710 869 1743 uvas
892 1696 1145 1751 Aviculae‚
1170 1696 1248 1746 sed
1275 1699 1554 1763 vituperant
1578 1703 1860 1759 Juvencm3

115 1762 198 1812 hic
221 1763 381 1813 enim,
402 1759 435 1807 fi
456 1758 785 1821 assequeretur
808 1760 1055 1808 Naturam
1073 1794 1084 1813 ‚
1113 1776 1226 1809 aves
1246 1777 1351 1810 non
1373 1763 1683 1821 advolarent.
1778 1769 1865 1816 Pe-

117 1822 254 1874 ritius
275 1824 372 1887 egit
390 1825 670 1877 Timantes,
691 1821 810 1870 cum
829 1821 981 1886 ipsam
1003 1825 1253 1873 Naturam
1275 1825 1465 1880 fefellit,
1486 1826 1736 1891 novoque
1756 1828 1869 1879 stra-

117 1898 367 1951 tagemate
386 1888 642 1950 superavit.
713 1887 851 1934 Nam
868 1887 918 1933 in
941 1885 1195 1950 Iphigenia
1210 1921 1223 1942 ,
1249 1889 1365 1938 Aris
1384 1892 1700 1941 immolanda
1715 1926 1726 1946 ‚
1747 1893 1868 1942 cum

118 1952 271 2001 Patris
295 1950 532 1998 dolorem
556 1943 704 2011 digne
726 1964 834 1996 non
858 1950 1018 2012 poss'et
1037 1953 1335 2014 exprimere,
1357 1954 1539 2003 velavit
1560 1956 1774 2010 vultum,
1799 1972 1871 2005 ra-

120 2026 197 2062 tus
219 2027 483 2074 nunquam
512 2011 670 2075 magis
693 2011 738 2059 se
765 2009 1032 2075 expreffiffe
1061 2016 1308 2064 Naturam
1336 2049 1349 2068 ‚
1379 2015 1533 2078 quam
1565 2017 1684 2067 cum
1721 2015 1871 2085 digne

121 2092 231 2126 non
250 2074 387 2140 poffe
410 2077 616 2139 exprimi
636 2072 944 2123 ostendisset„
1011 2073 1238 2125 Aristidis
1261 2077 1489 2128 Thebani
1519 2097 1730 2131 manum
1759 2098 1870 2132 non

123 2138 308 2191 affero3
344 2137 533 2191 sufficit,
550 2140 672 2186 tanti
690 2137 827 2186 fuiffe
845 2134 1136 2188 aestimatam
1157 2140 1217 2188 ab
1232 2142 1428 2194 Attalo,
1445 2155 1499 2192 ut
1521 2146 1726 2194 unicum
1751 2146 1872 2204 ejus-

125 2204 241 2252 dem
264 2211 393 2265 opus
414 2214 618 2249 centum
639 2201 830 2249 talentis
855 2201 1094 2250 licitatum
1118 2204 1210 2251 efl'e
1234 2204 1564 2268 perhibeatur.

252 2265 448 2315 LEUC:
517 2265 632 2313 Arti
651 2263 867 2327 pictoriae
887 2264 1016 2313 Aras
1038 2266 1113 2323 alij
1134 2269 1344 2330 erigant,
1365 2284 1461 2332 ego
1485 2270 1677 2335 Orphei
1700 2270 1866 2335 cytha-

124 2344 234 2380 ram
250 2363 261 2383 ,
282 2332 331 2377 in
349 2325 800 2391 Technophylacio
815 2326 997 2375 Palladi
1025 2328 1294 2392 suspensam
1320 2347 1550 2381 veneror.
1648 2336 1868 2399 Percipc2

129 2407 236 2455 quo
258 2393 391 2443 illam
414 2393 674 2455 aenigmate
701 2389 967 2439 adumbret
984 2390 1170 2455 Sphinx
1191 2393 1558 2460 Philosophica.

411 2455 543 2500 M‘utcz
564 2453 691 2499 arbor
701 2451 874 2510 siceram
889 2491 901 2505 ,
921 2468 1006 2516 quoe
1022 2472 1129 2502 nunc
1147 2454 1417 2521 moduldrque
1429 2491 1441 2510 ‚
1461 2456 1657 2523 cautique,

508 2516 611 2567 Vita
631 2515 738 2564 mihi
747 2515 808 2576 fic
826 2519 952 2566 Mors
970 2553 984 2576 ‚
1014 2521 1138 2565 Mors
1159 2522 1266 2570 mihi
1283 2521 1386 2571 Vna
1404 2519 1513 2581 fhit.

982 2585 1030 2634 H
1051 2583 1084 2633 h
1690 2591 1811 2636 Invi-
