2175 2911
361 110 422 159 28
929 98 1058 148 Atlas
1077 95 1403 161 Philoffiphictm

303 205 487 248 tatem,
506 203 602 242 nec
633 187 722 241 nis1
741 188 908 241 multis
937 186 1094 256 stipati
1114 190 1384 256 vaporibus
1414 186 1682 242 advolant3
1708 185 1828 238 hine
1839 187 2051 253 Aquarii

304 257 601 321 plerumque
621 254 859 320 signiferi,
879 254 1014 310 cuius
1036 269 1215 303 urnam
1241 269 1350 302 non
1370 253 1578 318 segniter
1599 250 1882 302 effundunt.
1958 252 2052 309 Illi,

307 319 485 382 quibus
511 320 693 368 Oriens
717 318 867 367 fraena
889 318 1030 372 laxat,
1054 318 1105 365 in
1128 319 1295 365 calore
1319 319 1368 365 ὃς
1397 318 1611 366 siccitate
1636 315 1947 378 quandoque
1970 330 2051 364 va—

304 386 458 435 riant,
481 382 742 430 serenitatis
767 384 884 430 certi
916 382 1198 444 praenuntii,
1223 383 1273 428 ὃς
1305 379 1591 427 salubritatis
1619 383 1773 428 aereae
1799 378 2057 427 Caducea-

305 459 455 494 tores.
558 447 689 494 Hinc
708 444 741 494 li
763 460 916 508 quam
935 445 1071 492 luem
1089 440 1372 507 pestiferam
1390 441 1524 490 afflet
1544 443 1775 490 meridies
1792 474 1804 496 ,
1824 442 1887 490 ad
1910 442 2057 490 Occa-

303 509 411 558 sum
432 508 732 562 detruditur,
755 517 928 556 ortum
957 506 1204 555 declinare
1226 504 1340 561 julla
1355 537 1367 559 ,
1389 504 1666 554 salubritate
1688 517 1980 558 ventorum,
2001 503 2057 553 ut

304 571 513 621 Author
544 568 612 620 est
640 571 838 621 Plinius.
937 569 1064 619 Illud
1087 568 1301 631 denique
1325 569 1477 617 velim
1509 567 1765 623 observes,
1794 568 2059 616 utilitatem

304 648 578 684 ventorum
606 638 803 684 aeream
824 634 1054 697 quidem,
1079 632 1157 680 scd
1193 634 1489 693 neutiquam
1522 634 1751 680 inanem:
1776 642 1990 696 purgant
2009 644 2058 677 e-

303 701 438 751 nim,
465 701 514 748 <St
538 699 777 748 ventilant
810 701 974 748 aereas
1023 698 1194 743 noxias
1223 696 1341 759 saepe
1372 695 1629 756 qualitates
1660 695 1924 743 discutiunt
1942 726 1954 747 ,
1975 692 2056 741 vel

304 762 597 813 absumunt3
634 758 826 810 aestivos
854 771 1134 823 temperant
1160 759 1348 807 calores
1365 790 1377 810 ,
1401 761 1451 806 el<
1472 757 1664 820 hyemis
1689 758 1959 806 emolliunt
1977 756 2059 805 fri-

301 840 453 888 goras
500 825 763 873 foecundas
794 824 967 889 pluviis
998 822 1154 870 nubes
1186 821 1248 869 ab
1282 823 1498 870 Oceano
1519 819 1801 872 advehunt3
1843 833 2055 873 terram,

301 888 466 944 nimiis
496 888 691 937 nivibus
715 920 727 942 ,
757 884 1103 947 imbribusque
1132 882 1513 949 propemodum
1543 884 1837 947 naufragam
1860 916 1872 937 ,
1901 883 2060 930 rursus

304 949 573 1002 exsiccants
593 952 905 999 commercia
923 949 1173 995 maritima
1197 958 1528 1011 promovent,
1551 949 1734 1011 optimi
1762 944 2059 995 Architalas-

305 1012 365 1066 fi,
394 1013 512 1061 cum
539 1016 590 1061 in
621 1013 902 1060 triremibus
933 1009 1231 1068 suspendunt
1254 1023 1451 1059 remos,
1476 1011 1524 1056 ὅ(
1555 1011 1691 1055 Euro
1725 1007 1884 1070 magis
1913 1008 2058 1056 volu-

304 1091 409 1123 cres
434 1076 624 1122 addunt
655 1076 766 1121 alas.
868 1071 967 1119 Sed
992 1072 1054 1117 lic
1083 1083 1180 1130 ego
1205 1068 1360 1115 hodie
1389 1069 1496 1115 vela
1531 1083 1639 1116 non
1667 1069 1991 1122 contraham,
2021 1069 2057 1117 fi

304 1137 495 1185 infinita
520 1136 831 1186 commoda,
851 1133 1204 1195 proprietates,
1227 1132 1278 1178 δε
1309 1144 1488 1177 arcana
1517 1142 1792 1178 ventorum
1826 1129 2060 1195 mysteria

306 1199 523 1247 dicendo
551 1197 704 1245 velim
728 1195 1019 1244 eventilare:
1057 1190 1263 1240 sufficiat
1283 1193 1371 1240 tibi
1399 1207 1493 1255 pro
1517 1192 1908 1257 epiphonemate
1935 1194 2060 1243 illud

303 1262 446 1324 Regii
469 1262 610 1309 Vatis
631 1259 939 1311 Graculum,
960 1253 1106 1318 quod
1126 1270 1235 1303 non
1245 1247 1340 1311 ‘hisi
1353 1256 1529 1306 DEUS
1550 1258 1601 1302 de
1621 1257 1922 1315 thessurissuis
1941 1272 2061 1322 pro.

307 1323 457 1374 ducat
478 1336 680 1373 ventos:
718 1322 820 1371 hoc
841 1317 925 1373 cst,
947 1321 997 1365 de
1009 1320 1088 1376 sua
1100 1321 1297 1378 potentia
1308 1319 1586 1381 se’cretqsima,
1601 1332 1730 1382 atque
1747 1320 1959 1380 ditiffima,
1972 1335 2059 1383 quae

301 1403 513 1448 nunquam
541 1387 764 1433 exhauriri
780 1383 941 1446 potest,
966 1382 1021 1431 ut
1051 1385 1100 1431 in
1130 1380 1266 1430 hunc
1291 1381 1467 1431 locum
1487 1383 1812 1433 Bellarminus
1827 1382 2063 1435 Scholio-

300 1448 514 1513 graphus
536 1451 853 1514 Purpuratus.
1162 1451 1227 1508 ᾳ

429 1514 585 1558 MEL:
653 1514 723 1560 Sit
749 1513 894 1575 igitur
911 1543 923 1563 ,
947 1509 1010 1557 ad
1033 1521 1214 1557 terram
1234 1507 1406 1559 denuo
1435 1524 1770 1566 revertamur,
1791 1525 1846 1562 ut
1865 1514 1917 1561 in
1936 1514 2060 1577 igni»

301 1586 358 1622 to
378 1575 575 1637 ignatio
597 1575 857 1625 Mundum
888 1576 1131 1621 miremur
1154 1569 1437 1627 coelestem,
1476 1578 1526 1623 ὅ(
1555 1574 1582 1623 ὲ
1605 1577 1884 1640 Seraphino
1910 1589 2063 1625 terre-·

302 1634 382 1684 stri
405 1634 662 1686 coelestem
683 1637 924 1686 discamus
947 1634 1337 1698 Philosophiam.
1405 1639 1561 1683 MEL:
1627 1640 1838 1692 Falleris,
1852 1640 1914 1687 de
1933 1640 2057 1688 Coe-

300 1701 355 1747 lo
380 1715 487 1749 non
514 1713 719 1765 oportet
739 1699 1051 1750 descendere,
1073 1697 1107 1747 fi
1129 1696 1320 1746 coelesti
1339 1697 1457 1748 huic
1477 1700 1788 1765 Philosopho
1809 1702 1953 1765 loqui
1971 1716 2056 1750 cu-

299 1765 388 1827 pis,
474 1765 754 1827 Nunquam
778 1764 859 1812 ille
883 1765 933 1811 in
957 1775 1109 1814 terra,
1137 1764 1287 1809 ctiam
1309 1761 1428 1811 cum
1454 1762 1672 1811 maxime
1697 1764 1791 1813 fuit
1822 1768 1873 1814 in
1895 1777 2050 1812 terra:

300 1842 419 1874 nam
440 1828 754 1876 conversatio
783 1828 849 1874 illi
873 1830 1043 1875 eratin
1063 1826 1222 1874 Coelis
1238 1857 1250 1879 ,
1272 1824 1355 1873 etsi
1374 1826 1614 1874 habitatio
1635 1825 1794 1875 fuifl'et
1813 1829 1862 1875 in
1883 1828 2049 1875 terris:

300 1891 494 1953 percipe
528 1891 809 1939 mirabilem
848 1889 1080 1953 Sophum
1103 1922 1115 1943 ,
1151 1888 1458 1951 paradoxam
1493 1889 1801 1938 methodum
1832 1889 2052 1955 philoso-

301 1951 501 2015 phandi.
587 1955 668 2003 Sic
686 1953 995 2002 intelleOtnm
1025 1954 1268 2005 excoluit,
1294 1964 1348 2000 ut
1379 1968 1489 2001 non
1519 1954 1790 2018 negligeret
1819 1954 2052 2003 volunta-

302 2027 432 2062 tem:
468 2014 532 2063 fic
551 2017 735 2066 Palladi
757 2017 802 2064 se
822 2017 1030 2070 dicavit,
1052 2028 1106 2064 ut
1131 2014 1379 2079 praeferret
1401 2019 1664 2067 virtutems
1717 2016 2048 2082 Philosophia:

299 2077 346 2125 se
371 2080 760 2129 commodando
776 2113 787 2134 ,
812 2078 1148 2143 Theosophiae
1166 2077 1467 2128 Sanstorum
1497 2091 1669 2128 totum
1693 2078 1740 2128 se
1762 2080 2050 2135 consecran-

303 2140 398 2188 do:
437 2141 542 2203 plus
567 2146 728 2190 oravit
745 2177 757 2196 ‚
784 2142 935 2205 quam
964 2140 1172 2193 studuit3
1209 2140 1317 2190 imo
1339 2143 1539 2191 orando
1564 2140 1763 2197 studuit,
1781 2147 1829 2194 &
1853 2140 2048 2191 studen-

303 2202 373 2250 do
393 2207 577 2251 oravit:
614 2208 664 2252 in
688 2208 915 2268 Peripato
938 2203 1225 2253 ambulabat
1260 2205 1321 2252 de
1345 2206 1448 2257 die,
1469 2210 1519 2254 in
1542 2208 1786 2255 Oratorio
1817 2205 2044 2254 flestebat

304 2266 366 2313 de
386 2266 536 2314 noste
552 2300 563 2319 ,
589 2268 775 2330 septem
792 2271 939 2316 horas
959 2282 1192 2316 orantem
1216 2265 1473 2333 obstupuit
1492 2269 1810 2334 Phosphorus
1826 2301 1840 2322 ‚
1858 2266 2044 2316 vultus-

303 2342 401 2391 que
429 2329 688 2393 splendore
718 2332 976 2395 deceptus,
1004 2331 1261 2379 Phoebum
1293 2331 1428 2380 hunc
1457 2332 1549 2380 effe
1581 2331 1850 2383 aestimans,
1869 2332 1919 2377 in
1937 2331 2042 2395 ipso

304 2403 421 2440 ortu
438 2394 637 2456 segnem
660 2394 705 2441 se
726 2394 1002 2457 Hesperum
1024 2394 1334 2457 increpabat:
1371 2394 1626 2445 Phoebusi
1664 2395 1707 2442 se
1732 2398 1783 2441 in
1807 2392 1947 2448 radiis
1969 2410 2043 2442 re-

303 2455 540 2525 plicatum
560 2456 606 2504 se
622 2470 768 2508 ratus,
793 2458 1108 2520 Ignatianum
1126 2457 1246 2520 saepe
1268 2461 1509 2506 attonitus
1531 2460 1638 2521 spec
1661 2458 1760 2505 avit
1777 2457 2038 2519 paraelion:

298 2518 382 2568 led
402 2517 521 2569 cum
539 2519 704 2586 faepius
728 2518 790 2571 sic
817 2518 1096 2570 offenderet
1119 2519 1367 2573 sublatum
1390 2523 1442 2574 in
1463 2523 1600 2576 aera,
1624 2517 1762 2570 sensit
1791 2520 2041 2583 Ignatium

1881 2585 1974 2638 esse
