2175 2911
408 120 424 150 1
434 106 496 148 60
970 103 1188 164 Speculum
1215 101 1449 164 Phyficum.

331 198 438 262 syrii
469 195 807 263 superstitiosi,
834 197 1009 253 Persae,
1029 199 1202 254 Medi,
1232 197 1424 251 Parthi,
1449 194 1707 262 &Scythae
1732 192 1943 248 fidentes
1972 196 2084 249 fibi:
2146 226 2147 246 3

332 262 577 327 Phryges,
603 263 932 328 Cappadoces
954 263 1267 319 mercenarii:
1314 261 1526 325 AEgyptii
1560 263 1751 326 ignavi,
1773 262 1889 311 Afri
1917 263 2089 319 infidi,
2146 286 2148 317 3

333 327 595 391 AEthiopes
624 325 859 379 animoli,
881 329 1153 391 pertinaces
1169 360 1180 379 ‚
1209 327 1344 375 vitae,
1370 319 1652 388 mortisque
1673 338 2084 390 contemptores:
2148 355 2150 360 ν

331 392 462 439 Sinae
495 403 598 437 tam
627 389 894 455 ingeniosi,
918 389 1073 452 quam
1106 385 1305 437 fastuofi
1328 390 1425 437 &a
1527 390 1673 442 Haec,
1695 388 1795 437 five
1821 404 1963 443 vera,
1986 388 2087 438 five
2147 388 2149 446 ζ

334 453 451 503 falsa
469 487 480 503 ,
503 453 760 506 dicuntur,
781 456 831 505 ὃ(
852 453 986 501 unde
1007 465 1142 500 tanta
1171 453 1439 515 geniorum
1465 452 1516 502 ὃς
1544 452 1866 515 ingeniorum
1892 451 2089 501 diversi·
2147 460 2150 506 «ζ

336 518 437 564 tas?
475 516 589 569 dixi,
611 516 638 565 a
658 516 748 566 soli
777 516 949 564 natalis
980 512 1340 566 constitutione
1359 513 1465 563 haec
1489 513 1626 562 suam
1650 514 1798 562 trahit
1817 517 2084 579 originem.
2148 512 2151 574 ἶ

335 576 494 629 Testis
521 576 589 628 est
607 579 704 645 ipsa
724 581 1046 644 experientia,
1071 594 1169 642 qua
1193 580 1476 628 Succorum
1506 577 1694 632 calvas,
1715 577 1968 627 densiores
1999 579 2088 627 du-

336 643 452 715 plo,
478 643 706 692 videmus
737 643 908 700 cranijs
930 643 1337 695 Germanorum3
1374 644 1424 692 ὅ(
1454 641 1617 690 unde?
1660 639 1777 695 nifi,
1800 639 1947 703 quod
1968 642 2087 690 Sue-

334 721 411 755 cxa
425 708 556 755 Polo
582 709 816 771 propior,
842 706 1022 763 majori
1053 702 1205 770 longe
1230 706 1432 769 rigescat
1451 706 1581 768 gelu.
1628 706 1743 762 Jam
1769 703 1804 753 fi
1823 703 1998 767 frigori
2015 701 2085 753 est
2150 707 2151 714 ’

335 781 473 818 tanta
491 772 643 818 virtus
657 805 669 821 ,
694 783 747 818 ut
767 768 869 818 oss'a
890 770 1112 822 induret,
1133 770 1289 817 calori
1308 770 1397 817 crit
1418 771 1488 816 vis
1518 769 1635 821 alia,
1655 771 1705 817 ὃς
1735 767 1931 816 diverso
1954 768 2088 816 calo·
2156 768 2158 814 ἶ

333 835 464 881 rivis
490 831 662 884 denuo
691 833 898 881 diversa:
937 833 1060 881 illud
1082 845 1251 881 autern
1279 829 1417 879 estin
1447 829 1676 879 confcffo
1693 864 1706 883 ,
1732 833 1988 883 animum,
2016 833 2085 879 in-

333 898 609 946 clinatione
630 897 912 960 sympatica,
929 895 1303 961 dispositionem
1327 895 1554 958 corporis
1576 895 1734 956 sequi:
1772 906 1907 943 tanta
1925 896 2088 957 igitur,
2149 895 2154 911 ⁷

331 958 390 1007 fit
411 971 641 1024 oportet,
664 962 973 1013 animorum,
998 957 1287 1011 affectuum,
1313 956 1627 1018 morumque
1651 958 1875 1010 varietas,
1900 969 2089 1018 quanta
2150 985 2154 998 ·

335 1018 406 1069 cst
435 1038 742 1086 corporum,
771 1037 927 1084 quam
957 1037 1049 1084 pro
1074 1020 1351 1070 diversitate
1381 1019 1645 1069 climatum
1675 1032 1834 1068 nemo
1857 1034 1967 1068 non
1993 1018 2088 1068 effe
2157 1067 2159 1071 ,

334 1088 612 1135 maximam
633 1085 793 1138 videt,
813 1087 862 1136 ὃς
887 1083 1174 1132 admiratur.

458 1210 656 1260 LEUC:
723 1209 773 1258 Si
801 1210 1008 1258 varietas
1039 1208 1248 1258 climatis
1274 1209 1338 1258 fic
1368 1208 1650 1258 humorum
1677 1211 1972 1275 temperiem
2004 1225 2087 1260 va-

333 1274 449 1327 riat,
472 1273 668 1319 alimenti
686 1288 847 1335 quoque
862 1272 1098 1331 divensims,
1115 1273 1312 1322 diversis
1334 1274 1384 1330 in
1405 1272 1695 1337 regionibus
1722 1273 1922 1325 diversa,
1939 1274 2089 1322 aliam

334 1348 486 1398 atque
506 1336 656 1383 aliam
682 1335 1069 1398 Phyfiognomis
1098 1336 1326 1384 indolem
1355 1336 1608 1384 indicabit.
1712 1338 1791 1385 Sic
1820 1336 1981 1401 legisse
2001 1352 2086 1386 me

335 1400 573 1451 memini,
605 1401 656 1447 in
684 1399 871 1460 Anglia
903 1397 1105 1469 erupisse
1137 1399 1480 1449 subterraneos
1516 1399 1782 1459 quondam
1819 1399 2086 1454 homines,
2126 1439 2134 1445 .

336 1477 561 1524 quorum
590 1461 803 1509 viridem
826 1461 1004 1508 frontis
1030 1461 1262 1510 colorem
1295 1464 1537 1511 alimento
1561 1463 1781 1512 humido
1811 1479 1868 1511 ex
1894 1463 2058 1512 herbis
2074 1496 2089 1518 ,

335 1528 387 1574 ὅ(
413 1525 657 1574 radicibus
677 1524 847 1571 tribuit
862 1523 1263 1587 Phyfiognomiae
1284 1527 1449 1574 cultor
1461 1525 1762 1575 Kirchcrus:
1800 1543 1895 1574 nec
1910 1529 2089 1575 imme-

334 1584 462 1638 ritos
499 1603 618 1635 nam
650 1599 973 1651 compertum
1007 1590 1075 1636 est
1111 1588 1354 1651 denique,
1391 1604 1481 1637 eos
1513 1591 1664 1637 etiam
1690 1606 1810 1638 cum
1838 1591 2084 1638 alimentis

334 1647 544 1698 mutfiffe
569 1650 818 1698 colorem.
889 1647 1052 1714 Qod
1076 1650 1110 1698 fi
1129 1648 1224 1699 istis
1257 1653 1492 1700 alimenta
1518 1653 1779 1705 colorem,
1800 1653 1900 1707 aliis
1923 1665 2085 1700 muta-

333 1728 387 1761 re
409 1725 671 1776 poterunt,
696 1716 747 1763 ὃς
778 1713 1022 1762 humores
1044 1717 1093 1764 ὅ(
1118 1730 1305 1762 mores.
1373 1717 1530 1761 MEL:
1599 1717 1728 1764 Non
1748 1716 1959 1762 inaniter
1978 1714 2084 1778 phi-

333 1775 637 1840 losopharis:
676 1774 749 1825 uti
771 1777 907 1824 cibus
922 1812 933 1828 ,
956 1775 1020 1824 fic
1046 1780 1095 1826 <Sc
1116 1777 1335 1824 Conviaeffus
1353 1790 1481 1839 atque
1498 1779 1681 1822 Societas
1699 1776 2082 1840 Phyfiognomi-

335 1836 460 1887 stico
484 1840 602 1888 Vati
623 1839 867 1889 indicium
889 1840 1109 1904 praebent
1137 1840 1477 1904 cognoscendi
1496 1841 1770 1903 incognita,
1793 1842 1842 1889 ὅ(
1863 1842 2086 1889 divinan-

338 1903 386 1950 di
409 1902 634 1951 occulta:
672 1902 793 1965 quid
831 1900 989 1966 magis
1021 1905 1222 1956 tritum,
1254 1901 1409 1965 quam
1437 1903 1561 1951 illud
1591 1904 1786 1953 Po'e'tae:
1823 1904 2003 1961 noscitur
2030 1920 2083 1951 ex

337 1967 485 2011 Socio?
535 1981 721 2028 nempe
743 1964 865 2013 ficut
894 1982 1065 2020 amor,
1095 1969 1159 2013 ita
1183 1981 1391 2029 quoque
1417 1967 1666 2019 Societas,
1688 1978 1772 2021 aut
1803 1964 1981 2014 ssmiles
2009 1967 2082 2015 in-

338 2029 500 2081 venit,
523 2040 606 2076 aut
636 2028 775 2077 facit:
839 2030 1042 2077 oracula
1072 2028 1176 2077 haec
1207 2045 1263 2078 ex
1297 2030 1471 2078 divino
1500 2029 1699 2093 tripode
1728 2028 1927 2079 dudum
1951 2029 2081 2078 fudit

336 2091 524 2152 Regius
548 2092 725 2139 Vates:
763 2107 855 2137 cum
880 2092 1007 2138 eleeto
1039 2092 1189 2138 εἰεὶἷιιᾱ
1217 2096 1329 2143 eris,
1362 2094 1418 2140 &9⁹
1454 2109 1546 2139 cum
1574 2093 1771 2153 perverfh
1797 2096 2078 2153 perverteris.

337 2154 438 2203 Sed
461 2156 595 2225 aetafz‘s
629 2168 836 2215 quoquc
869 2157 1073 2205 conditio,
1107 2156 1396 2204 Momicam
1426 2157 1613 2220 aperire
1640 2152 1906 2205 fenestram
1929 2156 2081 2211 solet,

340 2228 396 2266 ut
417 2215 561 2265 facile
582 2231 758 2263 arcana
782 2218 946 2265 cordis
967 2219 1182 2266 ominari
1207 2218 1536 2284 Philosophus
1557 2223 1724 2282 queat.
1825 2221 2080 2269 Praetexta-

339 2291 450 2327 tum
478 2280 530 2327 in
557 2278 676 2325 foro
717 2280 983 2341 pucrulum
1015 2282 1386 2346 contemplare,
1419 2286 1468 2334 <St
1506 2282 1627 2342 quid
1661 2279 1908 2331 monstrat
1937 2282 2079 2329 frons

340 2341 517 2391 florida
539 2372 553 2393 ,
592 2338 873 2404 laeterisque
912 2344 962 2390 in
1005 2346 1145 2392 vultu
1175 2346 1349 2399 color,
1381 2345 1468 2395 niti
1502 2357 1731 2394 mentem
1759 2345 1821 2392 ad
1853 2346 2079 2392 innocua

341 2418 557 2469 pronam
579 2403 786 2467 gaudia?
824 2403 972 2458 dum,
993 2407 1055 2453 ad
1079 2408 1310 2473 Pompeii
1334 2409 1590 2462 invidiam,
1610 2408 1710 2464 jam
1731 2403 2003 2469 triumphat
2025 2408 2079 2455 in

341 2466 576 2521 nucibuS‚
598 2470 695 2521 jam
722 2466 987 2515 molimine
1010 2469 1222 2518 Daedalo
1244 2472 1452 2522 aedificat
1471 2472 1650 2522 luteas,
1673 2469 1786 2519 vilia
1807 2469 1960 2523 testa,
1984 2468 2076 2518 do-

341 2545 487 2583 mos:
530 2529 631 2587 jam
650 2528 787 2580 velut
813 2530 865 2580 in
886 2530 1173 2597 Bucephalo
1200 2534 1513 2590 Alexander,
1536 2533 1721 2596 equitat
1748 2534 1800 2584 in
1827 2533 2078 2647 larundine:

1847 2610 2007 2660 onga:

2146 257 2150 277 l
