2175 2911
781 112 1026 176 Diphthera
1035 114 1186 172 θουιξ.
1730 127 1794 178 47

22 260 32 268 ,
108 205 295 257 cunetis
325 203 688 256 accommodat
708 236 723 258 ,
763 201 1066 266 quibuscum
1091 203 1313 266 graditur
1339 223 1349 252 :
1390 207 1507 256 hinc
1531 205 1766 258 volubilis
1783 208 1857 256 ina

107 272 235 334 genii
266 269 475 319 Author
496 266 566 317 est
585 301 599 322 ,
630 266 833 316 inclinat
863 265 925 314 ad
966 265 1117 314 dolos
1137 299 1151 319 ,
1190 265 1508 325 industriam,
1531 273 1582 321 ὃς
1613 270 1856 333 eloquen-

104 336 255 382 tiam:
291 331 642 383 Melancholiae
663 330 971 383 dominatur,
986 329 1068 377 sed
1089 329 1362 380 moderata:
1376 349 1464 397 per
1485 335 1656 387 bilem,
1678 336 1727 383 ὅ(
1752 333 1856 382 san.-

106 398 337 460 guinem:
355 411 428 444 »ac
448 397 499 443 in
520 395 729 444 metallis
747 393 835 442 sibi
853 394 1008 442 servat
1030 391 1393 458 hydrargyron.
1446 399 1589 446 Luna
1615 397 1851 458 denique,

105 463 159 510 δε
177 460 397 508 multum
416 458 628 522 frigoris,
643 460 693 508 &
719 457 992 521 plurimum
1014 454 1166 504 habet
1182 455 1653 514 humiditatis,Sidus
1676 472 1853 508 utcun-

103 538 205 584 que
235 521 540 585 benignum:
577 518 897 569 instabilitatis
924 516 994 568 est
1025 521 1216 573 nutrix,
1236 521 1466 571 mollitiei
1494 535 1675 571 tenerae
1698 522 1850 572 Geni-

104 587 224 638 trix,
269 584 400 633 hanc
427 584 567 633 velut
592 584 877 633 Dominam
909 583 1121 631 adorant
1154 581 1480 647 Phlegmatici
1503 618 1517 640 ,
1551 580 1699 648 eique
1724 586 1851 633 intet-

103 648 304 696 metalla
324 647 554 696 dedicant
574 658 851 710 argentum.
919 648 1019 695 En!
1054 658 1241 708 quanta
1261 650 1497 697 ominum
1515 649 1646 712 seges
1666 648 1727 695 ad
1749 648 1851 695 suc-

102 711 320 759 cessuros
341 709 558 763 effeetus,
579 711 663 771 qui
685 710 749 756 ab
768 709 925 757 oculo
948 705 1249 773 astrologice
1272 723 1486 763 armato,
1509 713 1645 761 velut
1665 710 1852 758 fruetus

103 770 130 821 ὲ
154 774 243 821 suis
270 772 513 820 radicibus
537 768 681 819 facile
719 772 957 834 praenosci
988 785 1180 833 queunt
1200 805 1213 826 ,
1245 787 1303 821 ac
1336 774 1592 838 praelibari.
1691 775 1848 818 MEL:

100 834 294 885 Denuo
323 834 534 882 adversae
567 835 715 897 partis
754 834 914 882 malus
950 832 1019 882 est
1049 836 1319 899 Syndicus,
1354 837 1479 886 dum
1511 835 1632 884 dicis
1661 835 1849 888 multa,

100 900 290 946 omittis
318 897 479 958 plura:
514 911 603 943 cur
622 911 732 945 non
751 911 1012 960 exaggeras
1032 913 1241 962 quoquc
1264 898 1430 949 radios
1459 899 1677 951 dextros,
1699 909 1850 958 atque

98 957 343 1009 finisti-os?
372 974 460 1006 cur
483 958 590 1006 siles
609 959 825 1023 aspee'ms
849 962 1071 1024 partiales
1087 995 1099 1015 ,
1128 963 1423 1025 quadratos,
1453 965 1503 1012 ὅ(
1524 961 1709 1010 sextiles
1725 992 1738 1013 ,
1762 961 1849 1020 qui

99 1024 326 1071 amicitiae
346 1021 597 1084 perfecte&
634 1022 895 1085 oppolitos
911 1056 923 1076 ,
948 1028 1133 1077 trinos,
1154 1028 1239 1087 qui
1267 1026 1568 1091 imperfce'tae
1597 1023 1708 1072 sunt
1735 1037 1851 1086 pto-

99 1085 270 1134 dromi
295 1082 466 1133 testes?
512 1099 680 1146 nugae,
707 1087 957 1133 &iterum
985 1089 1151 1149 nugae!
1184 1104 1293 1136 non
1312 1092 1377 1136 ita
1398 1088 1586 1136 misceo
1609 1087 1850 1148 quadrata

99 1147 329 1197 rotundis
345 1180 357 1201 ,
378 1158 432 1196 ut
450 1161 633 1210 negem
655 1161 835 1194 omnes
857 1146 1068 1195 influxus
1083 1181 1096 1202 ,
1125 1150 1422 1205 conjecturae
1444 1152 1596 1197 ctiam
1616 1147 1851 1212 probabi-

79 1212 156 1260 vlis
179 1211 391 1259 indices:
427 1225 537 1258 non
557 1224 693 1272 nego
712 1210 837 1259 vires
852 1242 866 1264 ,
886 1209 1066 1271 quibus
1088 1211 1356 1266 inclinant,
1378 1212 1462 1261 sed
1485 1212 1665 1274 quibus
1694 1213 1853 1273 impe-

100 1287 233 1323 rant:
270 1289 377 1322 non
406 1273 690 1336 qualitates,
712 1272 892 1334 quibus
915 1273 1212 1337 disponunt,
1236 1276 1317 1324 sed
1343 1275 1523 1338 quibus
1545 1287 1737 1339 cogunt
1763 1273 1853 1339 ³30-

99 1339 300 1386 minum
323 1338 630 1386 voluntates:
668 1335 749 1382 scd
772 1335 894 1397 quid
918 1351 1016 1398 ego
1034 1338 1376 1401 improvidus?
1413 1353 1521 1400 quae
1542 1354 1704 1400 nego,
1724 1339 1852 1383 affir-

98 1413 243 1449 mant
263 1401 348 1453 illi,
367 1401 676 1448 Tonitruum
698 1398 815 1453 filij,
837 1394 1213 1461 Astrorumque
1232 1401 1415 1454 arbitri,
1436 1405 1520 1462 qui
1538 1402 1707 1449 Sidera
1726 1400 1853 1447 dum

94 1464 280 1513 feriunt
305 1462 495 1511 siderati
509 1495 521 1515 ,
540 1461 719 1510 secreta
734 1461 981 1514 Siderum,
1003 1461 1197 1511 adunca
1220 1479 1355 1518 nare,
1377 1464 1662 1526 explorant,
1684 1475 1852 1522 neque

99 1527 362 1576 ambulant
383 1524 597 1578 tantum,
611 1524 691 1573 sed
711 1527 859 1573 etiam
882 1523 1107 1573 habitant
1131 1527 1182 1573 in
1203 1527 1336 1575 altis:
1373 1527 1625 1576 affirmant
1646 1524 1729 1574 illi,
1746 1522 1853 1584 qui-

98 1590 193 1639 bus
220 1590 282 1638 ad
306 1591 499 1653 apicem
518 1599 746 1637 accurata
769 1589 975 1642 notitia,
996 1604 1094 1651 qua
1113 1590 1324 1647 cujusvis
1339 1587 1475 1639 Astri
1494 1591 1746 1639 Naturam
1771 1584 1855 1633 de-

98 1652 299 1704 finiant,
324 1652 582 1714 qualitates
603 1662 890 1715 penetrent,
909 1653 1036 1701 vires
1051 1686 1063 1706 ,
1089 1655 1138 1703 ὅς
1157 1652 1460 1708 efficaciam,
1482 1667 1580 1715 qua
1606 1651 1687 1701 vel
1714 1651 1765 1698 in
1786 1647 1851 1701 se,

96 1717 177 1765 vel
201 1717 252 1763 in
273 1714 399 1768 hoc,
422 1726 507 1763 aut
525 1714 624 1763 alio
653 1714 794 1778 {igno
810 1748 823 1768 ,
844 1718 895 1765 in
923 1713 1052 1770 hoc,
1075 1717 1156 1766 vel
1184 1716 1272 1765 illo
1296 1718 1452 1781 gradu
1475 1749 1488 1770 ,
1521 1712 1715 1776 finique
1741 1711 1852 1775 pol-

94 1779 224 1832 lent,
243 1781 306 1826 ita
332 1777 682 1832 determinent,
706 1791 757 1826 ut
776 1777 937 1835 hujus,
962 1778 1090 1828 hanc
1110 1779 1204 1829 effe
1221 1781 1442 1834 causam,
1465 1775 1667 1827 effeetus
1695 1778 1851 1824 etiam

97 1857 186 1906 per
210 1841 427 1889 Oracula
455 1841 684 1889 decidere
722 1857 831 1890 non
866 1855 1147 1892 vereantur.
1249 1843 1526 1895 Affirmant
1546 1842 1638 1893 illi,
1669 1839 1852 1902 quibus

98 1903 221 1952 nihil
241 1916 352 1952 non
369 1903 600 1956 obvium,
615 1905 757 1967 quod
776 1901 1050 1954 abstrusum
1067 1908 1076 1954 Ξ
1096 1906 1217 1955 nihil
1237 1923 1348 1956 non
1367 1899 1852 1971 exploratum,quod

99 1966 300 2016 difficile
321 1966 384 2014 ad
412 1967 720 2030 detegendos
742 1968 1032 2018 futurorum
1057 1983 1291 2019 eventus:
1329 1974 1415 2033 qui
1442 1971 1595 2017 etiam
1614 1967 1848 2018 urbibus,
1920 2017 1928 2028 ,

91 2042 155 2079 -ut
174 2029 438 2092 quondam
459 2032 642 2080 Romae
664 2031 872 2093 quidam
892 2035 1152 2086 Tarutius,
1175 2033 1342 2082 cresto
1364 2033 1427 2082 ad
1446 2033 1643 2081 illarum
1661 2029 1848 2078 natales
1879 2017 1962 2066 CIC-
1983 2019 2015 2068 l
2030 2031 2096 2087 {30st

95 2092 391 2156 horoscopo
414 2125 428 2146 ‚
462 2093 747 2157 praefignare
776 2097 891 2143 Fata
914 2128 927 2149 ,
964 2095 1200 2159 castisque
1231 2096 1428 2146 futuros
1459 2111 1567 2145 non
1600 2094 1845 2142 dubitant.
1877 2082 1928 2127 de
1952 2080 2090 2130 ἀίω-η’

95 2157 299 2206 DEUM
322 2157 694 2205 immortalem!
732 2157 815 2205 etii
836 2171 1002 2206 extent
1018 2192 1031 2212 ,
1060 2162 1233 2222 ignota
1263 2160 1383 2225 saepe
1405 2161 1514 2208 sunt
1533 2155 1849 2220 Philosophis

97 2220 293 2268 Sidera:
330 2222 379 2269 ὃς
410 2218 493 2266 etfi
516 2232 668 2274 nota,
691 2223 874 2284 ignotae
898 2234 1069 2270 tamen
1093 2223 1431 2286 plurimorum
1454 2224 1685 2273 virtutes:
1734 2218 1845 2268 imo

99 2285 148 2332 in
175 2284 319 2331 certis
351 2298 532 2330 eorum
563 2284 789 2332 motibus
818 2283 986 2333 sumus
1015 2288 1217 2341 incerti,
1237 2284 1449 2350 quaecjue
1476 2286 1734 2338 videmus,
1761 2298 1847 2331 nc-
1888 2286 1891 2289 ’

100 2346 299 2395 scimus:
335 2361 419 2408 qim
442 2349 485 2390 in
507 2347 715 2407 conffiefflt
730 2348 843 2403 sunt,
860 2351 1098 2395 invenimus
1118 2367 1209 2396 cum
1228 2349 1372 2397 labore
1386 2368 1399 2395 :
1435 2366 1523 2414 qnae
1543 2362 1686 2396 autem
1704 2350 1747 2393 in
1764 2347 1843 2392 Coe-
1869 2341 1928 2387 L.
1947 2343 2043 2399 Sap.

102 2410 151 2455 lis
159 2411 285 2467 sunt,
307 2411 400 2471 qus’s
424 2408 726 2467 investigabit?
762 2413 811 2460 ὃς
839 2411 1028 2461 horum
1062 2414 1219 2462 oculis
1245 2414 1367 2463 nihil
1399 2430 1509 2462 non
1538 2413 1602 2462 ad
1631 2410 1837 2460 oculum
1869 2416 1968 2461 c.9.

102 2473 288 2586 Kateat?
323 2473 409 2520 ubi
430 2472 676 2536 Stagirita,
697 2475 1025 2538 Ingeniorum
1047 2476 1261 2540 Aquila,
1289 2478 1504 2543 Talpam
1527 2477 1572 2525 se
1591 2474 1837 2524 nominat,
1869 2491 1925 2535 L,
1942 2503 1988 2535 2,
2005 2492 2057 2536 de

101 2582 102 2586 ,
137 2536 357 2604 aeTa‘lpae
374 2536 667 2600 glorientur,
692 2536 747 2588 ut
767 2539 996 2602 Aquilae?
1031 2543 1119 2604 qui
1152 2542 1305 2597 etiam
1337 2543 1492 2597 obvia
1520 2540 1764 2604 nesciunt,
1787 2535 1837 2583 ὃς
1872 2552 2084 2601 ςωιπχτ,

1636 2598 1698 2652 ad
1709 2597 1780 2650 St·
1872 2627 1952 2674 17,
