2175 2911
83 1419 276 1468 Paolett.

73 1483 154 1541 ftr.
168 1497 186 1528 1
197 1483 241 1531 6.
254 1482 303 1527 de

81 1551 125 1594 S.
132 1547 266 1605 Joan.

85 1611 215 1670 Bapt.

86 1870 261 1922 l.6.c.1.

399 146 425 178 2
436 145 492 188 30
871 125 1273 193 Technophylacium
1299 112 1530 192 Phj'ificum.
2011 160 2030 176 ι

328 219 756 282 (Constantinum
775 221 1063 286 Magnum)
1100 219 1303 288 repente
1326 223 1570 272 sublatum
1599 223 1660 272 ad
1678 223 1865 278 Sidera,
1885 225 2076 288 rugien-

330 289 460 337 tibus
484 286 743 337 Leonibus
778 288 922 334 aeneis
945 319 958 340 ,
999 287 1178 350 quibus
1212 283 1602 340 sustentabaturs
1655 291 1703 337 &
1738 287 2076 336 accinentibus

332 351 562 404 aviculis,
587 365 708 413 quas
729 348 918 398 arboris
942 365 1074 399 aereae
1104 352 1250 398 ramis
1273 351 1372 399 Ars
1399 349 1662 414 plusquam
1685 350 1890 399 Daedala
1913 349 2078 412 affige-

333 415 434 464 bat.
532 416 621 464 Hae
650 410 813 461 statuae
843 415 1129 476 excogitata*
1156 414 1217 461 ad
1247 414 1448 465 luxum,
1469 414 1531 461 ad
1553 412 1744 462 luctum
1773 414 1904 466 aliae,
1926 428 2075 474 quas,

333 477 517 528 Perillo
542 476 775 527 Artifice‚
801 478 1159 540 Tyrannorum
1193 478 1389 540 ingenia
1422 473 1684 525 invenere:
1730 478 1836 524 talis
1858 489 1960 524 erat
1978 476 2078 525 Ha-

331 541 457 591 bidis
476 542 726 606 Spartani,
757 555 866 602 quae
885 541 1116 605 amplexu
1134 540 1267 589 fatali
1294 538 1358 587 lic
1379 536 1645 603 stringebat
1675 539 1788 588 suos
1814 537 2078 592 Amafios,

332 618 388 654 ut
409 621 530 654 cum
547 606 648 654 vita
676 603 889 652 halitum
913 603 1219 668 exspirarent.
1319 603 1454 652 Talis
1493 615 1595 651 erat
1617 603 1822 651 Fenellae
1840 604 2046 665 Reginae
2061 633 2074 655 ‚

332 666 532 717 dextera
553 667 814 732 praeferens
838 682 1056 731 pomum
1081 682 1288 715 aureum
1304 699 1317 720 ,
1342 668 1392 716 ὅ(
1411 666 1620 729 quidem
1643 669 1858 730 gemmis
1885 664 2081 713 conser-

328 744 470 786 tum,
495 745 548 781 ut
566 730 682 779 esset
701 731 902 788 majoris
921 731 983 779 ad
1013 731 1142 778 mala
1164 731 1276 779 Fata
1297 729 1444 786 illicij.
1515 731 1654 779 Nam
1678 740 1875 793 gratum
1902 728 2078 781 oculis,

328 796 478 845 fatale
498 795 726 843 manibus
751 793 852 842 hoc
873 806 973 842 erat
990 793 1340 858 speecaculum,
1363 795 1412 840 in
1436 795 1584 856 Regis
1603 793 1783 842 Scotiae
1803 793 2079 857 perniciem

328 861 693 923 excogitatum:
715 861 795 907 vix
817 859 951 906 enim
974 856 1197 920 tetigisses
1223 856 1326 906 hoc
1346 857 1540 925 malum
1561 855 1776 920 perfidiae
1795 853 2078 919 peffimum,

328 921 451 971 cum
473 921 610 970 illico
633 920 806 969 densus
827 921 1047 969 telorum
1075 920 1236 968 imber
1256 920 1481 983 erupisset
1510 935 1568 966 ex
1590 916 1772 971 statua,
1792 913 1944 979 te‘que
1967 932 2080 965 cen-

327 996 439 1033 tum
464 984 750 1032 vulneribus
785 984 1028 1031 obrutum
1053 1016 1066 1034 ,
1097 980 1390 1029 exturbasset
1421 981 1551 1042 prius
1585 978 1612 1029 ὲ
1634 983 1759 1033 vita,
1784 981 1938 1042 quam
1967 982 2078 1028 vitae

326 1046 604 1112 periculum
620 1042 914 1092 advertisses.
940 1043 1137 1090 Bellum
1148 1043 1329 1089 Hercle
1349 1043 1617 1104 voluptatis
1636 1041 1922 1090 tranfitoriae
1937 1042 2080 1105 ECty·
2152 1083 2153 1089 ,

326 1123 463 1174 pon,
488 1107 631 1170 quod
659 1105 783 1154 dum
812 1103 1020 1153 suaviter
1042 1104 1216 1156 allicit,
1237 1105 1446 1167 turpiter
1478 1102 1684 1167 decipit,
1715 1101 1943 1166 dumque
1965 1118 2079 1166 por·
2150 1102 2165 1134 ³*

325 1172 438 1236 tigit
456 1184 703 1234 pomum,
726 1169 884 1217 vitam
905 1166 1117 1230 surripit,
1140 1168 1189 1215 <Sc
1211 1165 1527 1229 Paradysum,
1551 1165 1787 1215 Authore
1805 1168 2077 1217 MellifluO.
2149 1163 2153 1221 ,’

452 1234 650 1284 LEUC:
720 1233 848 1281 Non
876 1230 1060 1278 infelici
1084 1229 1273 1293 scalpro
1294 1229 1393 1278 Ars
1415 1231 1636 1279 imitatur
1648 1231 1815 1284 Bruta,
1832 1228 2101 1281 &Homi-'
2147 1228 2152 1280 ἶ

325 1311 441 1346 nes:
463 1311 528 1344 an
546 1297 747 1343 minore
767 1294 1002 1359 prodigio
1027 1293 1130 1340 fors
1145 1292 1396 1341 laborabit
1413 1294 1464 1340 in
1487 1292 1690 1356 plantis?
1759 1295 1914 1341 MEL:
1983 1295 2082 1343 Mi-

325 1356 465 1410 nime
486 1361 738 1424 gentium:
776 1357 1026 1422 specimen
1058 1355 1250 1420 profert
1278 1357 1473 1419 Regina
1490 1356 1648 1410 Saba,
1674 1371 1785 1419 quae
1814 1358 2082 1418 quondam

328 1423 641 1488 exploratura
662 1421 951 1471 Salomonis
976 1420 1318 1484 prudentiam,
1347 1419 1514 1468 eidem
1533 1419 1719 1469 obtulit
1734 1421 1967 1483 geminos
1988 1420 2082 1469 flo-

329 1502 443 1535 rum
464 1485 628 1537 fasces,
644 1499 866 1548 qnorum
893 1498 1049 1531 unum
1066 1485 1278 1535 Natura,
1294 1483 1507 1531 alterum
1528 1483 1589 1531 ad
1612 1485 1816 1534 Naturae
1837 1483 2080 1533 invidiam
2144 1489 2149 1497 ’

328 1549 392 1600 sic
415 1550 723 1598 formaverat
743 1562 919 1595 manus
945 1545 1162 1596 Artificis
1178 1579 1191 1600 ,
1217 1558 1271 1593 ut
1303 1560 1396 1594 nec
1414 1545 1703 1595 Salomonis
1732 1547 1868 1596 oculi
1890 1563 2082 1612 repere-
2151 1569 2154 1573 ·

327 1617 426 1664 rint
452 1612 727 1661 discrimen.
830 1610 928 1659 Sed
955 1610 1135 1657 oculos
1156 1609 1397 1673 supplevit
1415 1610 1662 1672 Sapientia
1683 1608 1793 1675 plus
1812 1609 1966 1673 quam
1991 1609 2082 1659 hu-
2150 1631 2157 1654 .-

329 1691 499 1728 mana,
517 1675 639 1723 dum
660 1674 813 1738 sagaci
835 1673 1021 1731 judicio
1038 1672 1148 1721 tulit
1169 1668 1675 1734 judicium,litemque
1695 1673 1911 1728 diremit,
1928 1673 2083 1722 addu-
2154 1689 2157 1699 “

328 1736 407 1788 &a
429 1735 672 1803 Apicula,
694 1752 802 1800 quae
837 1752 923 1801 per
953 1736 1260 1800 multiplices.
1276 1751 1452 1799 gyros,
1478 1738 1526 1785 ὅ(
1551 1736 1647 1801 ipsa
1672 1736 1849 1790 dubia,
1869 1737 2078 1787 tandem
2149 1736 2152 1756 ³

328 1805 382 1852 in
402 1802 613 1850 naturali
633 1800 818 1849 florum
840 1799 1101 1864 manipulo
1126 1800 1374 1862 mellilcga
1398 1799 1588 1848 resedit.
1673 1800 1911 1849 Alterum
1934 1799 2082 1865 speci-

329 1881 451 1915 men
480 1865 563 1913 dat
585 1866 697 1913 lnca
719 1862 989 1913 Garcilaffo
1006 1896 1018 1916 ,
1039 1864 1270 1927 Princeps
1299 1858 1326 1912 ὲ
1349 1865 1551 1926 Regum
1584 1863 1786 1912 Familia
1810 1863 2079 1919 oriundus,

329 1931 413 1992 qui
447 1941 610 1977 narrat
630 1929 680 1976 in
703 1929 868 1991 Regiis
891 1927 1109 1975 Peruviae
1135 1924 1291 1974 hortis
1307 1958 1319 1979 ,
1344 1924 1462 1974 cum
1489 1928 1770 1975 etiamnum
1793 1942 1961 1975 rerum
1990 1942 2082 1992 po-

329 1996 536 2042 tirentur
560 1991 778 2043 Maiores
803 1991 887 2043 sui,
909 1988 1076 2038 densas
1098 2006 1156 2037 ex
1177 1992 1349 2043 aureis,
1370 1985 1718 2053 argenteisque
1735 1989 1916 2044 herbis,
1930 2003 2081 2053 atque

332 2055 593 2104 arboribus
626 2052 800 2104 stetisse
829 2053 1009 2118 sylvas;
1046 2055 1167 2115 quin
1199 2055 1247 2102 <Sc
1277 2054 1395 2116 ipsas
1418 2054 1552 2102 horti
1575 2054 1790 2108 areolas,
1830 2053 2079 2110 ejusmodi

331 2118 540 2168 floribus
559 2114 853 2182 superbiisse,
874 2128 927 2166 ut
947 2132 1031 2180 per
1051 2131 1227 2165 muros
1247 2130 1455 2179 quoque
1473 2118 1641 2180 Regiae
1661 2113 1847 2166 domus
1871 2117 2074 2171 frondes

333 2197 519 2234 aureae,
551 2178 778 2229 adinstar
799 2180 1019 2233 hederae,
1053 2180 1315 2244 serperent.
1385 2179 1666 2231 Verum,ut
1688 2177 1860 2229 diserte
1881 2181 2073 2235 fatetur,

333 2258 654 2307 nequaquam
685 2243 785 2291 hoc
808 2246 1011 2292 Natnrae
1043 2246 1314 2306 vegetantis
1334 2276 1346 2295 ,
1379 2242 1459 2291 sed
1494 2244 1630 2292 Artis
1655 2241 1941 2293 encausticae
1975 2255 2074 2292 erat

332 2321 590 2371 opus,quae
603 2303 732 2354 adeo
751 2303 862 2354 scite
877 2306 960 2354 lias
982 2305 1169 2369 plantas
1183 2303 1537 2361 elabora-ramur
1551 2308 1700 2355 ctiam
1722 2306 1934 2357 colorea
1952 2309 2074 2355 veris

335 2368 559 2435 stirpibus
588 2384 696 2417 non
722 2368 1001 2421 differrent,
1022 2369 1103 2417 scd
1132 2374 1182 2420 ὃ(
1209 2382 1405 2425 cortex,
1428 2374 1477 2420 &
1497 2370 1644 2424 folia,
1670 2370 1955 2432 fruEhisque
1974 2371 2075 2419 Na-

335 2447 525 2486 turam,
547 2448 660 2481 raro
680 2431 816 2480 Artis
840 2431 1098 2494 prodigio,
1121 2434 1484 2481 aemularentur.
1553 2433 1651 2482 Sed
1671 2433 1916 2492 ejusmodi
1932 2433 2075 2481 Para-

334 2499 465 2547 doxa
487 2496 623 2545 Attis
645 2493 894 2543 tlieamata
913 2487 1014 2542 fine
1033 2493 1133 2543 fine
1153 2496 1205 2543 in
1228 2496 1454 2546 medium
1478 2497 1652 2548 afferre
1678 2495 1836 2561 poffet
1857 2494 2077 2544 sancffiffi-
2130 2547 2132 2550 ,
2167 2547 2169 2555 ,

335 2577 450 2612 mus
467 2560 547 2612 ille
571 2556 770 2624 Sophus
787 2555 918 2616 juxta
934 2589 948 2613 ,
973 2572 1028 2607 ac
1050 2560 1260 2625 Martyr,
1280 2560 1543 2614 Severinus
1564 2560 1767 2610 Boetius
1782 2590 1795 2613 ,
1821 2559 1907 2621 qui
1924 2557 2073 2607 scere·
2137 2574 2150 2618 ‚t

1871 2622 2008 2672 tioris
