2175 2911
389 117 478 160 108
922 111 1050 172 Scylla
1073 116 1202 175 atqits
1226 110 1473 172 Charybdis?

320 207 582 269 observata
600 238 614 261 ,
649 203 795 269 quod
813 218 922 269 quae
942 205 1005 254 de
1032 205 1112 254 die
1140 204 1482 256 solummodo
1518 195 1689 273 septies
1709 242 1724 264 ‚
1755 208 1819 259 de
1847 209 1999 261 noete
2017 207 2092 264 bijo.

319 273 488 335 septies
510 281 731 335 repetat,
765 269 835 318 ob
860 271 983 319 aeris
1018 269 1252 318 noCturni
1287 272 1700 335 tranquillitatem
1731 291 1743 322 :
1791 274 2095 339 deprehensa

137 371 155 393 .,
192 368 205 413 Ι
321 336 391 387 est
421 336 515 384 alia
541 329 693 382 mane
719 367 733 388 ‚
761 334 854 382 alia
887 333 1073 398 vesperi
1100 366 1111 388 ‚
1147 332 1353 382 Prothei
1392 337 1446 383 in
1480 352 1704 386 morem.
1794 336 1912 388 Imo
1936 352 2094 390 vento

75 372 232 477 Ierc).
323 399 553 464 quolibet
573 399 777 448 vertitur
801 416 811 445 z
848 400 1034 447 Romae
1052 394 1214 446 Borea
1246 396 1400 446 flante
1426 400 1627 448 resumit
1651 404 1779 450 vires
1804 435 1817 456 ‚
1854 401 2094 453 flaccescit

65 446 99 544 {⁹
113 444 274 550 'Onlf‘ggff'
323 467 535 530 spirante
558 457 783 510 Austro:
821 461 1121 509 humoribus
1153 463 1337 525 regitur
1366 493 1378 515 ‚
1415 478 1534 510 nam
1563 464 1855 513 cadentibus
1889 466 2094 530 pluviis,
2159 496 2161 514 ;

96 533 105 542 ’
128 510 164 540 Ῑ·
204 512 232 603 ⁶}
255 531 289 614 s·
324 523 617 588 nivibusque
643 523 818 573 obtusa
841 528 891 573 a&
912 524 1299 578 melancholica,
1318 521 1432 588 post
1451 526 1619 575 nubila
1640 528 1926 592 splendente
1946 528 2095 578 Phoe-
2157 562 2169 589 :⁷

78 570 214 649 Lps⁰
235 574 290 604 Μ·
325 593 395 640 bo
432 605 557 638 mox
586 589 796 637 alacrior
823 588 1058 636 resonat:
1117 589 1278 637 verbo
1313 621 1326 641 ,
1363 586 1397 636 fi
1436 591 1732 639 Lunaticam
1771 593 1902 640 dicas
1927 625 1940 646 ‚
1977 592 2096 641 dieis

159 653 178 679 ⁹
192 658 202 668 '
327 653 470 718 quod
492 668 567 700 res
587 648 682 706 est,
718 667 837 700 nam
856 652 1148 701 mutabilior
1170 649 1315 703 Luna
1332 684 1344 706 ⁷
1381 652 1674 703 Vertumno
1703 655 1865 705 levior
1883 689 1897 710 ,
1931 657 1983 704 in
2001 654 2092 706 fin-

327 719 465 784 gulas
491 715 584 765 sese
611 717 765 765 variat
797 717 914 763 anni
934 729 1110 779 partes.
1209 764 1213 771 ,

487 779 684 831 LEUC:
740 779 974 843 Agnovit
995 794 1205 842 quoque
1226 780 1486 829 Lucretius
1508 779 1670 830 Echus
1696 783 1999 832 muliebrem
2024 782 2102 832 in·
2160 792 2175 845 ‘3

73 813 297 923 532¹},ssl'4'
330 845 536 897 dolem,
572 859 629 892 ex
643 841 746 891 hoc
764 839 1005 907 praeeipue
1030 876 1042 897 ‚
1080 842 1225 906 quod
1254 841 1385 893 adeo
1405 844 1546 893 subin
1570 846 1839 908 loquacula
1860 880 1873 902 ‚
1910 860 1964 897 ut
1984 863 2096 896 ean-

75 952 166 986 Mt·
216 912 226 924 ”
330 909 451 959 dem
476 922 665 958 vocem
685 905 806 972 saepe
827 905 994 971 saepius
1022 919 1213 972 repetat
1239 924 1250 954 ;

504 1097 505 1100 =
582 1067 724 1111 Unam
744 1065 839 1109 crim
853 1064 1021 1121 jaceres
1047 1083 1057 1109 :
1097 1068 1163 1109 ita
1198 1067 1317 1109 colles
1341 1064 1510 1110 collibus
1540 1065 1633 1124 ipfis
2174 1074 2175 1091 l

578 1125 722 1173 Verba
751 1126 1005 1185 repalfizntes
1028 1123 1251 1171 iterabant
1272 1126 1385 1171 dista
1408 1124 1590 1184 refhrre.
2120 1170 2122 1172 ,

321 1223 383 1270 Et
404 1216 529 1269 vero
550 1221 601 1267 in
627 1220 793 1267 Ticini
817 1215 981 1267 castro
1015 1216 1037 1274 <
1059 1218 1271 1267 Bafilicae
1294 1219 1478 1269 Ducali
1514 1219 1617 1270 hoc
1649 1236 1847 1272 nomen
1873 1220 1983 1282 est)
2023 1237 2097 1277 ter
2136 1272 2143 1284 ,

323 1285 486 1333 decies
509 1298 611 1333 vox
631 1282 810 1331 eadem
840 1280 1116 1347 repercuss'a
1137 1282 1266 1331 redit
1287 1316 1300 1337 ,
1336 1282 1467 1333 adeo
1482 1283 1649 1334 exadta
1666 1286 1962 1350 syllabarum
1983 1304 2097 1337 om-
2162 1294 2175 1346 ζ’

322 1350 467 1397 nium
489 1345 710 1411 emphasi
732 1379 746 1399 ,
782 1358 837 1394 ut
857 1347 1005 1393 multi
1027 1360 1134 1392 non
1164 1358 1351 1394 naturae
1380 1347 1431 1394 id
1454 1347 1547 1395 ess'e
1578 1365 1706 1413 opus
1725 1383 1740 1404 ‚
1775 1350 1856 1398 sed
1894 1352 2092 1400 latentis

322 1412 567 1460 daemonis
589 1408 907 1462 illusionem,
944 1407 1030 1456 fibi
1053 1408 1249 1471 penitus
1281 1409 1646 1472 persuaderent.
1748 1415 1807 1461 In
1835 1415 1951 1463 villa
1991 1417 2095 1478 agri
2160 1415 2175 1462 1

81 1470 240 1525 Kirch·
322 1471 717 1524 Mediolanenfis
738 1472 977 1537 palatium
1000 1471 1190 1525 Vintur,
1211 1487 1319 1519 non
1342 1472 1506 1522 minus
1531 1476 1689 1523 oculo
1712 1476 1774 1524 ab
1786 1489 1916 1531 arte,
1937 1477 2094 1541 quam
2120 1524 2123 1527 ,
2162 1483 2164 1522 ἰ

79 1534 273 1592 Musarg.
325 1539 430 1586 auri
450 1537 512 1586 ab
531 1535 674 1585 Eeho
694 1532 905 1584 mirifica
928 1531 1246 1600 stupendum.
1316 1537 1455 1585 Nam
1479 1537 1711 1602 prospicit
1743 1554 1802 1587 ex
1827 1541 1930 1589 alto
1956 1540 2099 1589 fene-
2160 1543 2164 1598 1

136 1598 166 1647 ἰ.
188 1611 228 1643 1·
325 1597 420 1648 stra
442 1633 455 1651 ‚
490 1616 577 1664 per
600 1615 754 1662 quam
776 1598 809 1647 fi
831 1614 1017 1647 vocem
1045 1600 1237 1646 emittas
1263 1631 1275 1651 ‚
1311 1599 1420 1662 plus
1458 1600 1613 1662 quam
1650 1602 1862 1666 trigesies
1895 1636 1908 1658 ‚
1945 1619 2093 1653 novo
2116 1611 2120 1654 J
2159 1619 2175 1658 <3

326 1664 519 1727 semper
555 1663 791 1727 prodigio
816 1695 830 1716 ,
866 1674 1069 1710 mortua
1103 1661 1248 1710 simul
1286 1665 1335 1711 ὃ(
1370 1663 1592 1711 rediviva
1620 1696 1633 1717 ‚
1669 1667 1938 1714 attonitam
1972 1667 2093 1715 rela-
2114 1703 2123 1720 ,
2160 1659 2175 1705 Ἐἶ

326 1728 461 1775 bitur
488 1728 540 1773 in
563 1742 753 1774 aurem.
785 1726 884 1774 Sed
905 1725 1068 1774 adhuc
1092 1723 1345 1773 sonantius
1367 1741 1462 1790 prae
1480 1726 1662 1774 dolore
1681 1729 1934 1792 immugiit
1946 1730 2094 1778 Mau·
2116 1736 2126 1789 'J
2159 1684 2165 1800 1

325 1790 533 1839 solaeum
557 1821 570 1842 ‚
607 1789 752 1852 quod
783 1789 1027 1837 defunetae
1050 1789 1261 1838 Caeciliae
1295 1803 1352 1835 cx
1381 1791 1502 1837 vivo
1524 1822 1537 1843 ‚
1575 1787 1845 1853 vocali'que
1865 1806 2091 1841 marmo-
2133 1803 2165 1908 1

2157 670 2163 782 1

2158 806 2164 904 i

574 1005 657 1048 Sex
677 1003 807 1047 etiam
833 1034 846 1055 ,
882 1015 958 1047 aut
972 1001 1132 1062 sqvtem
1154 1038 1165 1052 ‚
1190 1003 1282 1048 loca
1306 1003 1403 1048 vidi
1423 1004 1595 1049 reddere
1613 1020 1761 1056 voces,
2117 1012 2133 1053 “,
2158 924 2164 1127 1

2159 1130 2164 1169 1

2159 1173 2164 1228 1

2161 1236 2165 1328 1

326 1869 377 1901 re
401 1865 620 1901 erexerat
637 1853 871 1902 Metellus
898 1872 907 1900 ;
944 1868 1064 1901 nam
1089 1868 1154 1900 eo
1177 1862 1281 1899 erat
1299 1851 1508 1901 artificio
1530 1849 1900 1908 construetum,
1915 1867 1969 1904 ut
1980 1855 2095 1920 plo·
2117 1853 2130 1894 τ’

325 1919 546 1965 rantium
568 1916 790 1972 ejulatus,
812 1919 861 1966 ὃς
884 1914 1412 1979 clamores‚repetitaq3
1434 1917 1485 1964 in
1503 1915 1606 1965 hoe
1625 1916 1764 1965 versu
1786 1917 1966 1981 elogia,
1981 1919 2093 1976 fimt-
2111 1925 2125 1975 ς’,

321 1991 403 2039 per
422 1981 575 2033 honos,
597 1979 855 2042 Nomenque
876 1993 1016 2034 tuum,
1039 1980 1259 2032 Caecilia,
1283 1979 1499 2041 laude‘sque
1528 1978 1780 2031 manebunt,
1798 1982 1850 2029 in
1875 1977 2142 2067 1111111611-ῨῖΔ

328 2042 437 2091 sum
467 2043 561 2090 sese
599 2043 989 2107 multiplicarent
1013 2076 1027 2097 ,
1064 2043 1188 2091 dum
1225 2043 1276 2089 in
1316 2041 1561 2090 defunsta:
1593 2042 1866 2106 gloriosam
1892 2042 2132 2100 memo-{2²¹

328 2107 456 2154 riam
477 2105 657 2169 duplex
685 2107 766 2154 illa
790 2106 1114 2155 Hecatombe
1141 2139 1154 2160 ‚
1192 2100 1399 2167 ludique
1429 2105 1662 2154 funebres
1691 2107 2085 2175 celebrabantur.
2110 2100 2131 2172 1

327 2170 442 2219 Nec
464 2184 608 2231 rupes
636 2169 716 2216 illa
740 2168 935 2218 silentio
972 2168 1311 2235 praetereunda
1342 2202 1354 2221 ‚
1392 2169 1529 2226 cujus
1564 2168 1774 2218 artificio
1812 2170 2131 2234 Αὺγ11111οε’ἐζ

326 2232 491 2295 Popas
519 2233 639 2294 iazpe
660 2233 869 2294 legimus
892 2234 1086 2282 abusos.
1143 2234 1287 2282 Hanc
1309 2234 1503 2282 Natura
1528 2234 1580 2281 in
1598 2233 1859 2282 montibus
1878 2236 2089 2284 Provin-

330 2296 416 2343 ciae
440 2295 665 2358 Goyanae
692 2293 750 2343 eci
778 2294 1036 2359 excavarat
1055 2293 1292 2345 industria
1321 2329 1333 2349 ‚
1371 2308 1425 2344 ut
1457 2312 1610 2346 voces
1645 2299 1697 2344 in
1731 2296 1971 2361 oppofitae
2006 2293 2135 2358 [ιι-«ξ’

330 2359 403 2422 pis
432 2359 720 2410 cacumine,
745 2357 992 2407 demissius
1007 2361 1220 2424 prolatas
1236 2393 1248 2412 ,
1268 2360 1554 2417 Stentoreas
1575 2359 1833 2408 redderet:
1870 2361 2092 2410 claman-
2118 2363 2129 2393 ”··

333 2423 393 2469 tis
419 2417 543 2470 vero
565 2420 715 2468 sonos
735 2453 747 2473 ‚
777 2422 826 2468 in
850 2438 1051 2470 morem
1077 2421 1342 2477 exercitus,
1363 2425 1490 2472 inter
1511 2422 1658 2477 jubila
1676 2423 2086 2487 tripudiantis‚in-
2118 2429 2127 2476 ’ζ-

331 2484 561 2532 tenderet
579 2516 592 2537 ‚
627 2498 683 2531 ac
702 2484 1066 2548 multiplicaret.
1135 2488 1306 2535 Simile
1325 2486 1656 2552 spcfflreulum
1682 2486 1928 2537 Vesuvius
1954 2486 2083 2535 exhi·
2118 2502 2122 2505 ·

334 2546 446 2602 bet,
483 2549 641 2599 Mons
658 2549 711 2598 in
722 2547 998 2614 Campania
1026 2550 1246 2601 famosus
1273 2583 1287 2606 ‚
1323 2552 1439 2614 quia
1457 2545 1587 2599 male
1616 2549 1859 2611 fumosus,
1923 2551 2108 2616 Hinc,-·'

1903 2612 2018 2679 poll:
2161 2616 2164 2680 1
