2175 2911
386 116 444 160 50
946 102 1144 150 flamma
1177 101 1443 150 Promethei.

319 196 423 248 rio,
448 189 676 244 stabiliter
702 194 882 245 haesura
904 228 916 250 ‚
953 195 1106 260 usque
1138 195 1264 245 dum
1295 194 1358 244 ab
1387 192 1559 252 iisdem
1587 191 1827 261 spiritibus
1849 230 1864 247 ,
1900 192 2072 247 aliisve

320 256 471 307 caulis
494 291 507 312 ,
542 259 594 306 in
615 258 788 308 debito
813 259 992 308 ordine
1021 260 1310 308 excitentur.
1388 259 1508 307 Haec
1528 257 1597 307 illi
1619 291 1633 313 ‚
1669 259 1750 309 vel
1773 258 1892 308 idco
1912 259 2072 316 beati,

320 323 437 385 quia
455 321 682 371 medium
695 320 1183 385 tenent‚cun‹staque
1205 317 1350 370 facile
1377 322 1715 384 experimenta
1743 322 2034 371 dilucidant.

478 385 674 435 LEUC:
713 387 902 436 Orexin
925 385 1118 434 curioso
1149 399 1328 434 moves
1349 383 1694 449 Philosopho:
1731 398 1966 451 appetens
1998 400 2082 450 ap·

319 460 439 512 peto
461 447 602 501 scire,
623 463 730 510 quae
755 452 902 498 toties
923 445 1097 497 frustra
1118 450 1168 496 in
1193 463 1276 495 me
1299 449 1541 510 experior.
1610 449 1799 501 Patere,
1823 448 2079 512 scrupulos

319 510 407 558 tibi
429 526 572 558 meos
595 514 812 575 aperiam
839 531 847 559 ι
885 526 1017 574 quos
1039 510 1138 560 sine
1160 512 1300 569 Jovis
1324 510 1585 574 Olympici
1617 510 1859 575 dyphtera
1888 511 2078 565 solves,

319 587 471 636 atque
489 572 726 625 absolves.
797 577 858 624 Et
875 577 1118 639 imprimis
1140 573 1345 636 quidem
1361 606 1374 628 ,
1396 573 1517 636 quid
1536 575 1687 622 causae
1711 570 1868 622 subest
1883 607 1895 628 ‚
1932 570 2078 637 quod

317 652 458 685 nunc
480 633 567 686 ista
588 671 603 692 ‚
636 654 772 687 nunc
801 639 882 687 illa
911 641 960 686 in
987 639 1294 686 memoriam
1326 637 1562 687 veniant?
1598 633 1742 699 quod
1770 637 1916 700 saepe,
1939 637 2079 694 cujus

320 701 478 754 nolo,
508 698 598 748 fim
624 717 855 756 memor,
880 701 1017 758 cujus
1043 701 1170 750 volo
1193 736 1205 751 ‚
1243 699 1334 749 iim
1368 700 1685 749 immemor?
1751 701 1914 748 MEL:
1951 701 2079 748 Ani-

320 779 469 812 mum
497 763 697 814 adverte
719 799 733 819 ‚
769 769 818 816 ὅ(
846 763 1137 814 evanescent
1162 797 1174 818 ‚
1211 762 1244 812 si
1264 779 1372 826 quae
1399 763 1507 812 sunt
1525 762 1669 819 hujus
1684 762 1820 819 dubii
1842 763 2076 814 tenebrae.

319 828 532 877 Plenam
555 831 816 877 memoriae
836 826 1223 876 indifferentiam
1247 827 1580 875 determinant
1602 826 1728 875 Ideae
1752 859 1764 879 ,
1802 841 1921 888 quas
1949 827 2080 874 Peri-

319 903 462 955 patus
481 893 715 940 nominat
737 925 750 945 ‚
785 890 1136 940 intentionales
1159 908 1169 938 :
1206 889 1281 938 his
1304 891 1500 944 anima,
1537 889 1690 938 veluti
1718 885 2078 945 instrumentis,

319 954 485 1010 adjuta
508 987 522 1007 ‚
568 955 894 1004 reminiscitur
924 953 1200 1004 Alcibiadis
1224 951 1390 1018 potius
1419 986 1433 1008 ,
1468 950 1624 1016 quam
1653 954 1902 1001 Timonis.
2004 952 2080 1002 At

320 1018 430 1078 quis
457 1016 544 1065 has
563 1017 743 1081 species
765 1018 975 1066 excitat?
1011 1019 1063 1065 in
1084 1029 1327 1081 promptu
1347 1017 1489 1064 causa
1520 1033 1531 1062 ;
1572 1014 1917 1063 Phantasmata
1942 1051 1954 1066 ,
1991 1030 2080 1079 per
2158 1060 2159 1066 ,

318 1081 599 1128 materiales
620 1079 806 1143 signata
827 1082 1069 1135 imavines
1089 1111 1101 1132 ‚
1123 1079 1149 1127 a
1174 1079 1354 1141 quibus
1368 1110 1381 1131 ‚
1404 1077 1648 1138 quamdiu
1668 1080 1719 1124 in
1738 1093 1957 1141 corpore
1980 1081 2081 1127 ani-

316 1158 461 1189 mam
489 1142 890 1189 circumferimus
941 1141 1177 1204 iospitcm
1201 1173 1215 1193 ‚
1261 1140 1330 1188 oh
1369 1141 1669 1187 relationem
1706 1139 2032 1211 ssmpaticam
2063 1175 2080 1197 ‚
2156 1143 2157 1146 ’

315 1203 582 1268 spirituales
602 1204 695 1252 illae
716 1202 1028 1268 dependent,
1056 1205 1105 1254 ὃς
1128 1204 1417 1251 excitantur.
1485 1203 1683 1252 Verum
1702 1199 1956 1253 mstantius
1973 1220 2083 1269 pre·
2156 1204 2157 1210 ’

317 1268 414 1315 11115
441 1284 451 1314 :
489 1281 598 1329 quae
619 1266 760 1316 causa
783 1266 874 1316 suis
895 1263 922 1316 ὲ
948 1266 1143 1315 latebris
1178 1265 1437 1315 fimulacra
1463 1263 1766 1330 phantastica
1793 1271 2082 1332 provocat?

320 1327 586 1378 enimvero
607 1346 717 1378 non
741 1346 871 1378 una:
909 1330 1072 1393 plures
1090 1328 1176 1377 fibi
1208 1328 1311 1377 hoc
1341 1331 1608 1392 negotium
1630 1330 1916 1379 vendicant.
1985 1331 2081 1380 Sae-
2174 1366 2175 1372 1

318 1408 382 1457 pe
409 1391 665 1441 affluentes
685 1394 943 1441 turmatim
964 1391 1178 1456 spiritus,
1208 1387 1462 1440 stertentes
1502 1394 1552 1440 in
1585 1392 1834 1441 cerebello
1864 1393 2044 1456 species
2065 1427 2082 1452 ,

317 1457 567 1504 animant:
604 1455 722 1504 hinc
741 1452 1003 1518 instigante
1032 1451 1206 1504 natura
1237 1488 1251 1508 ‚
1287 1454 1566 1502 confricare
1590 1457 1792 1519 occiput
1822 1456 2042 1507 solemus
2063 1491 2078 1513 ,
2150 1459 2158 1468 ”

321 1531 377 1567 ut
394 1518 643 1583 segniores
670 1519 858 1583 spiritus
884 1515 1196 1567 stimulemus
1220 1551 1234 1572 ,
1268 1533 1355 1582 per
1377 1518 1564 1582 spiritus
1595 1518 1787 1582 species.
1857 1521 2082 1569 Plerum-
2171 1554 2173 1562 ι

322 1597 422 1645 que
443 1582 581 1630 calor
600 1578 885 1631 constristas
905 1582 1091 1645 frigore
1113 1581 1339 1631 resolvit:
1376 1579 1494 1629 hinc
1524 1580 1672 1629 febris
1694 1582 1874 1631 ardore
1905 1584 2079 1641 laxati,
2148 1594 2149 1597 ’

322 1645 569 1694 ebulliunt
586 1646 773 1710 spiritus
796 1679 809 1700 ‚
845 1658 995 1707 atque
1023 1643 1086 1694 fic
1118 1661 1204 1709 per
1239 1644 1426 1693 diversa
1460 1643 1800 1709 phantasmata
1822 1679 1835 1701 ‚
1871 1648 2080 1698 turbatae
2153 1671 2170 1697 x

321 1710 503 1773 pariter
526 1708 734 1773 species,
768 1712 821 1757 in
841 1709 1051 1757 cerebro
1069 1708 1453 1757 tumultuantur.
1522 1709 1654 1757 Non
1680 1705 1795 1757 raro
1825 1707 1909 1757 hic
1935 1711 2083 1760 suum
2152 1715 2168 1751 t.

323 1785 518 1820 exercet
538 1776 609 1821 im
649 1774 808 1822 crium
827 1770 1061 1822 voluntas
1087 1790 1096 1820 :
1133 1788 1255 1820 nam
1277 1773 1394 1835 quia
1416 1767 1577 1820 sensus
1608 1773 1787 1820 interni
1807 1769 1875 1820 est
1895 1773 2081 1823 Domi·
2146 1765 2166 1823 1¹·

323 1850 387 1883 na
411 1868 423 1888 ,
460 1851 596 1884 nunc
658 1838 737 1885 uic
760 1870 773 1890 ,
809 1851 945 1884 nunc
980 1836 1049 1884 illi
1081 1835 1284 1892 objecto
1329 1832 1540 1900 applicat
1570 1833 1922 1898 phantasiam:
1960 1836 2080 1886 hinc
2144 1829 2165 1894 g]

322 1900 451 1946 circa
473 1913 581 1961 quae
614 1900 879 1953 volumus,
900 1901 1052 1948 etiam
1083 1897 1344 1964 expressius
1373 1897 1638 1947 versamur.
1716 1898 1873 1947 Subin
1901 1900 2079 1951 DEUS
2143 1906 2165 1943 2'

322 1961 408 2008 has
429 1963 524 2032 ipse
551 1975 730 2011 motor
754 1964 994 2026 imagines
1015 1964 1227 2012 suscitat:
1263 1961 1403 2010 subin
1423 1961 1609 2024 Angeli
1629 1958 1892 2011 assistentes
1913 1995 1926 2017 ,
1961 1963 2082 2013 hinc
2142 1951 2163 2005 ᾗ*

319 2023 662 2088 inspirationes
684 2026 831 2075 bonae
856 2027 882 2075 a
902 2027 1046 2075 bonis
1064 2059 1078 2080 ‚
1114 2021 1446 2090 suggestiones
1469 2024 1611 2072 malae
1642 2023 1670 2073 ὲ
1695 2025 1854 2074 malis.
1923 2029 2081 2077 Nunc
2140 2041 2162 2089 3:

316 2085 503 2150 species
527 2102 697 2143 mota,
722 2103 900 2140 movet
919 2105 1128 2154 quoque
1146 2089 1350 2139 affinem
1373 2121 1386 2142 ‚
1422 2102 1558 2136 nunc
1585 2099 1771 2137 mutuo
1791 2089 1987 2138 foedere
2014 2091 2082 2140 sc·

314 2149 367 2200 se
386 2152 589 2200 trahunt
609 2185 621 2205 ‚
656 2153 830 2200 indole
851 2157 901 2204 ὅ(
928 2150 1104 2203 natura
1125 2148 1422 2201 consimiles.
1522 2150 1760 2212 Denique
1789 2150 1893 2200 hoc
1915 2152 1966 2201 in
1996 2169 2082 2202 ne·
2139 2173 2162 2208 μ’

315 2215 466 2278 gotio
490 2215 764 2279 plurimum
786 2215 873 2264 sibi
895 2215 1080 2265 facessit
1103 2216 1289 2280 negotii
1314 2216 1496 2263 mentis
1529 2212 1755 2263 affectio:
1792 2210 1975 2265 affidue
2007 2218 2082 2266 lu·
2139 2209 2147 2235 '³

322 2276 396 2325 dit
423 2294 544 2326 cum
566 2278 745 2342 estypis
767 2312 780 2332 ‚
801 2294 1025 2342 quorum
1047 2279 1222 2328 adorat
1241 2277 1509 2343 archetypa
1532 2295 1541 2325 ε
1579 2292 1763 2341 nempe
1779 2310 1791 2330 ‚
1812 2279 1956 2340 quod
1968 2282 2078 2343 quis

321 2354 459 2389 amat
482 2375 495 2395 ‚
530 2339 633 2389 hoc
656 2343 844 2406 cogitat
867 2376 880 2396 ‚
914 2359 1008 2392 nee
1028 2343 1150 2392 ficut
1172 2343 1233 2392 ab
1254 2342 1412 2391 oeulis
1436 2374 1451 2397 ,
1484 2344 1551 2390 ita
1579 2340 1767 2391 recedit
1804 2340 1833 2390 a
1869 2356 2042 2393 mente
2060 2377 2078 2401 ,
2136 2358 2139 2376 f

324 2403 468 2466 quod
489 2403 640 2452 semel
657 2401 860 2469 pellime
888 2406 1140 2459 fascinavit
1156 2419 1401 2455 mentem.
2135 2407 2137 2423 ³

482 2469 679 2519 LEUC:
717 2470 950 2518 Occurrit
974 2504 987 2524 ‚
1023 2469 1167 2533 quod
1190 2464 1521 2534 Philosophus
1551 2482 1711 2534 nuper
1732 2502 1745 2524 ‚
1781 2465 2077 2521 calamistra-

323 2540 384 2584 to
404 2530 605 2586 cuidam
625 2533 801 2586 Matris
820 2532 981 2591 Idaliae
1002 2533 1252 2589 columbo
1274 2551 1287 2588 2
1320 2536 1373 2587 in
1393 2533 1615 2598 querelas
1633 2532 1716 2585 hic
1746 2531 1922 2584 effusus
1937 2568 1950 2589 ‚
1974 2537 2074 2607 ani·

1935 2612 2012 2648 1111
