2175 2911
74 254 220 311 εἵκω).
235 230 240 235 ’

72 316 215 378 Emzff.

74 567 278 626 Plin.l.9.

71 647 107 678 c.
120 644 198 689 42.

75 707 94 740 1
110 695 285 751 580Ca-

62 756 286 817 sp.Schott.

70 823 115 866 in
128 818 249 882 ΡΜ

70 886 185 934 Curi.

84 2338 293 2390 Pliadas

83 2423 120 2452 c.
142 2419 157 2448 1
173 2418 189 2448 1
202 2439 213 2450 .

83 2470 115 2517 l.
134 2482 178 2514 2.
193 2478 278 2522 c.5.

87 2537 297 2591 Georgq..

379 115 397 147 1
409 114 466 156 32
919 96 1158 143 Academia
1187 98 1437 142 Brutormn.

311 205 474 256 pores.
535 188 633 240 Sed
652 202 836 254 magna
853 183 968 238 licet
985 186 1077 239 fint
1097 184 1390 237 animalibus
1420 185 1554 241 vitia,
1575 199 1685 236 non
1702 196 1874 236 tamen
1893 192 2056 240 mino.

312 270 386 302 res
414 250 532 304 ideo
554 252 741 303 habent
759 255 985 307 virtutes:
1024 254 1284 299 Charitatem
1315 261 1533 300 mutuam,
1556 253 1710 298 totius
1739 249 1921 299 Ethicae
1942 252 2057 301 faci.

312 314 359 366 le
383 316 544 373 basin,
567 333 660 382 pro
690 316 872 382 viri-bus
905 312 1169 365 sustentant
1195 314 1327 360 cervi
1350 344 1362 365 ‚
1398 311 1522 360 dum
1547 311 1757 361 fluvium
1786 313 2058 371 trajecturi,

313 379 626 444 fingulorum
647 376 878 428 ordinata
898 380 1012 427 serie
1039 377 1408 427 succedentium
1423 408 1436 429 ‚
1459 372 1724 423 sustentant
1743 378 1900 440 capita
1914 412 1925 432 ‚
1948 379 2059 428 solo

313 444 460 492 Duce
492 443 713 491 ereetum
742 444 981 491 verticem
1011 452 1238 492 tenente,
1270 438 1394 486 dum
1418 439 1479 485 ab
1502 439 1684 486 ultimo
1713 442 1912 489 mutatis
1945 445 2061 491 viei—
2130 444 2134 485 ζ

314 506 407 556 bus
435 503 741 554 sustentetur.
840 505 1036 568 Squillae
1061 502 1363 552 benevolam
1386 516 1593 565 operam
1628 500 1713 548 nisi
1735 503 1890 551 Pinna
1918 505 2059 554 senti-

315 582 413 623 ret,
438 569 634 618 dudum
658 568 793 618 fame
815 568 913 624 iam
938 565 1160 634 periiss'et.
1261 565 1382 613 Haec
1404 562 1559 626 quam
1586 564 1762 641 infelif
1778 564 1858 614 sud
1882 566 1950 615 est
1971 586 2057 618 cae-

316 635 478 687 citate,
500 645 604 681 tam
624 631 740 680 felix
759 628 827 679 est
846 630 948 679 hoc
974 629 1205 695 pisciculo
1227 629 1438 675 comite:
1478 643 1597 675 nam
1619 623 1901 677 stimulante
1925 632 2061 681 fame

316 709 481 745 totam
510 698 665 760 aperit
694 696 793 744 oris
823 694 1110 744 coneham3
1155 691 1413 755 pisciculos
1443 689 1676 739 audacius
1714 692 1949 755 ingress'os
1973 696 2063 745 ubi

317 760 503 824 Squilla
523 758 900 811 animadvertit,
921 759 1018 805 levi
1039 756 1209 804 morsu
1241 753 1324 801 dat
1347 752 1540 816 fignum
1568 755 1759 807 Pinnae,
1782 770 1891 817 quae
1918 774 2063 808 com..

316 822 477 890 presso
505 822 655 873 rictu,
683 821 928 884 quidquid
958 819 1175 871 inclusit,
1206 819 1479 869 exanimat,
1504 814 1825 880 praedamque
1856 836 1975 870 cum
2006 822 2062 874 fi.

318 887 419 936 deli
436 886 575 934 socio
599 884 789 933 dividit.
875 888 1090 930 Pietatem
1109 881 1354 930 charitatis
1374 878 1526 926 filiam
1548 879 1706 927 coluit
1726 882 1891 930 Mater
1910 886 2062 936 Cico-

316 953 423 1003 nia,
444 964 553 1011 quae
581 946 892 996 Francofurti
914 946 1109 996 nidum,
1132 944 1346 991 flammis
1374 940 1827 1004 correptumffom}
1858 948 2060 1003 intuita,

316 1011 437 1062 cum
459 1010 803 1071 nequidquam
823 1008 1029 1058 undam,
1045 1002 1208 1052 rostro
1236 1004 1452 1053 allatam,
1467 1005 1516 1048 in
1539 1004 1829 1052 Vulcanum
1855 1023 2063 1060 evome..

315 1089 418 1127 ret,
438 1074 644 1121 tandem
673 1073 813 1116 anxia
837 1067 1228 1115 circumvolare,
1252 1064 1383 1126 ligna
1412 1063 1702 1126 decerpere,
1729 1066 1945 1131 denique
1977 1076 2063 1124 alis

319 1137 523 1200 desuper
546 1130 761 1196 expanfis
784 1129 976 1178 tamdiu
999 1126 1257 1179 suffocare,
1274 1131 1397 1173 dum
1419 1124 1517 1173 una
1536 1141 1652 1174 cuni
1672 1129 1813 1192 pullis
1833 1131 1879 1179 se
1897 1146 2064 1187 tumu-

316 1201 440 1248 laret
461 1199 563 1246 hoc
591 1195 778 1243 amoris
796 1191 1061 1245 incendio,
1091 1190 1243 1239 veluti
1279 1189 1433 1253 digno
1463 1188 1748 1265 sepulchro,
1773 1198 1886 1256 quia
1913 1198 2065 1250 Phoe-

319 1265 493 1310 nicum
515 1260 649 1322 rogis
672 1255 936 1321 gloriosius
956 1253 1261 1303 coruscante.
1362 1251 1459 1300 Sed
1482 1268 1509 1300 a
1534 1266 1712 1316 pietate
1726 1257 1899 1308 Matris
1919 1266 2065 1314 mini-

315 1321 402 1374 me
425 1324 694 1388 degenerat
713 1320 861 1384 digna
889 1319 972 1367 tali
993 1320 1200 1368 Parente
1220 1315 1444 1366 soboles:
1483 1331 1601 1364 nam
1620 1315 1739 1367 teste
1770 1320 1950 1374 Solino
1975 1331 2066 1375 exi·
2128 1321 2155 1338 ''‘

319 1391 410 1436 mia
435 1401 597 1450 quoque
625 1382 726 1436 inest
746 1386 869 1442 pullis
899 1385 1066 1439 Ciconice
1094 1382 1271 1444 pietas3
1318 1395 1426 1442 quae
1450 1390 1593 1449 tanto
1624 1386 1867 1447 temporis
1889 1389 2062 1452 spatio,

316 1454 371 1500 ’ὃς
389 1449 474 1514 ipsi
498 1449 636 1496 alunt
660 1448 888 1495 Parentes
904 1478 916 1498 ‚
936 1458 1179 1507 quantum
1203 1447 1253 1492 in
1285 1444 1640 1491 educationem
1669 1447 1949 1511 impensum
1974 1453 2064 1506 fibi

318 1511 455 1578 grata
480 1507 729 1559 memoria
758 1509 1005 1557 recolunt.
1107 1506 1222 1557 Imo
1252 1506 1417 1571 piscis,
1437 1505 1498 1554 de
1523 1520 1629 1568 quo
1650 1508 1810 1560 Divus
1837 1512 2065 1568 Ambro-

320 1577 441 1627 sius,
460 1577 756 1623 imminente
781 1572 1005 1636 periculo
1041 1584 1184 1620 natos
1214 1573 1265 1619 in
1286 1571 1456 1618 alvum
1472 1603 1484 1624 ‚
1517 1570 1654 1619 velut
1676 1574 1871 1637 asylon,
1895 1578 2065 1643 deglu.

321 1639 499 1689 tiendo
529 1637 771 1689 demittit,
794 1628 1021 1700 superato
1051 1635 1275 1699 periculo
1306 1635 1459 1696 egerit
1485 1633 1670 1688 salvos,
1692 1649 1842 1700 atque
1870 1641 2064 1694 incolu.
2136 1641 2160 1683 ..ὴ

319 1717 445 1753 mes,
513 1700 611 1750 Sed
640 1700 760 1747 nulli
781 1703 958 1763 pietate
980 1701 1111 1748 cedit
1131 1696 1530 1764 prudentlffimus
1552 1697 1783 1761 Elephas:
1819 1700 2064 1764 siquidem

319 1768 529 1826 junior,
554 1764 739 1826 absque
762 1765 975 1827 Lycurgi
999 1763 1187 1826 legibus
1203 1796 1214 1815 ‚
1242 1763 1507 1811 Seniorem
1526 1760 1726 1809 summo
1750 1764 1872 1813 colit
1897 1764 2064 1818 hono·
2134 1739 2154 1818 ’ς’

318 1847 387 1883 re,
410 1829 437 1878 a
459 1828 685 1893 periculis
706 1826 875 1881 servat,
896 1830 946 1876 in
969 1827 1148 1876 fofl'am
1168 1822 1302 1875 forte
1322 1824 1591 1887 delapsum,
1618 1824 1800 1879 injectis
1823 1827 2063 1882 fruticum

322 1894 530 1942 fascibus
546 1924 558 1945 ‚
582 1902 822 1952 tanquam
847 1906 933 1955 per
953 1892 1096 1939 scalas
1120 1889 1326 1938 extrahit
1344 1889 1521 1936 fessum
1537 1920 1549 1940 ‚
1569 1884 1809 1959 senioque
1830 1906 2062 1954 gravem:
2138 1913 2139 1918 ¹

321 1958 484 2007 senior
504 1956 760 2018 reciproca
782 1955 1143 2004 benevolentiae
1167 1949 1324 2001 studia
1342 1950 1600 2000 desiderari
1623 1950 1834 2003 minime
1857 1960 2062 2018 patitui-2

324 2035 444 2069 nam
475 2018 665 2083 pullos,
687 2017 899 2067 fluvium
923 2019 1187 2069 tranaturi‚
1207 2016 1346 2078 super
1370 2015 1597 2063 dentium
1630 2017 1922 2066 eminentias
1949 2037 2064 2084 por.

323 2095 446 2135 tant,
467 2084 681 2138 juniores
703 2085 1033 2145 praemittunt,
1055 2097 1119 2129 ne
1142 2079 1393 2137 majorum
1415 2077 1626 2141 ingressu
1648 2081 1976 2132 intumescens
1998 2085 2063 2132 al-

322 2161 470 2197 veus,
491 2156 679 2206 mergat
702 2143 982 2194 debiliores.
1083 2142 1182 2193 Sed
1212 2158 1319 2190 non
1355 2138 1454 2191 una
1485 2145 1673 2191 virtutis
1698 2143 1919 2194 laureola
1941 2161 2061 2194 con-

323 2219 489 2256 tentus
512 2204 596 2258 est,
617 2207 774 2269 plnres
795 2212 842 2259 ὅ(
865 2220 1101 2262 meretur,
1118 2210 1167 2257 ὅ(
1187 2208 1332 2272 petit:
1369 2205 1609 2252 obedientia>
1631 2205 1878 2269 specimen
1896 2209 2058 2270 cupis?

329 2275 376 2322 &
398 2271 538 2319 ecce!
578 2270 809 2325 Elephante
841 2274 947 2318 nihil
973 2272 1354 2331 obtemperantims:
1402 2285 1522 2317 nam.
1545 2270 1722 2315 hominis
1741 2272 1914 2329 imperio
1925 2271 2065 2323 semel

317 2334 540 2395 subjecflm,
567 2335 706 2378 omnia
728 2336 766 2378 ei
778 2334 932 2392 pri-obet
953 2333 1197 2393 obfieqaiafi
1222 2329 1520 2382 Philostrato
1540 2331 1662 2380 fides
1686 2330 1768 2380 est.
1820 2332 1946 2379 Non
1969 2335 2058 2381 mi-

326 2413 453 2449 nore
471 2395 735 2454 observantia
756 2398 947 2461 Regem
974 2400 1115 2446 suum
1136 2398 1349 2446 adorant
1371 2397 1622 2460 Apiculae:
1660 2397 1721 2443 de
1738 2393 1809 2442 his
1827 2394 2059 2446 Mantua-
2131 2380 2160 2458 ’ζ’

328 2481 422 2516 nus
445 2460 667 2529 Apollo:
958 2464 1117 2519 Regem
1140 2477 1218 2506 non
1229 2459 1288 2517 sic
1306 2463 1513 2522 AEgypms
1527 2495 1539 2510 ‚
1559 2462 1615 2506 Θ
1635 2461 1774 2515 ingens

611 2523 773 2585 Lydia,
798 2538 872 2571 nec
889 2525 1043 2586 Populi
1066 2524 1355 2578 Parthorum,
1375 2534 1453 2571 aut
1471 2523 1625 2570 Medus
1646 2519 1987 2641 HydaspesObstffi
