2175 2911
45 1491 198 1550 Ecclefi

48 1567 64 1598 ι
75 1567 120 1611 9.

48 2286 120 2335 Ex
136 2297 228 2332 toto

49 2360 232 2409 corpore.

356 116 371 145 ι
386 104 444 147 80
961 77 1110 136 Momi'
1129 83 1345 139 fenestras

290 202 414 235 nutus
457 195 530 232 zne'
548 185 769 243 ft’rmonei
807 187 950 231 Sermo
975 185 1237 244 interruptus
1262 217 1274 233 ,
1311 197 1391 226 non
1422 182 1627 242 complens
1650 181 1936 240 sbrztentiam:
1971 189 2036 231 in-

291 248 599 309 terrogationes
620 248 770 296 crebrae
792 247 1014 301 &stulta
1033 247 1297 309 responfiones
1318 247 1578 297 inconcinnae,
1602 248 1657 293 &⁹
1675 261 1948 298 coacervatae,
1972 251 2037 293 in-

291 330 359 360 ter
372 314 418 371 se
441 312 670 374 diffidentes
682 312 771 371 fin'e
791 313 953 359 ordine.-
1018 314 1124 369 Qis
1134 309 1297 368 fingula
1320 306 1558 365 describat?
1592 310 1724 356 talem
1746 312 1842 356 vidi
1858 309 2037 367 antefa-

291 378 384 429 ῐῖα,
404 378 571 440 qualem
595 375 737 437 postea
764 375 850 436 ipsa·
869 373 989 432 βτὲἴα
1015 374 1292 427 ostenderant,
1389 374 1569 418 Utinam
1602 371 1804 431 adeffbnt,
1829 376 1904 436 qui
1934 388 2035 420 tunc

290 457 451 486 mecum
463 438 602 498 fabre,
624 441 680 487 (θ’
698 440 840 498 eadem
862 439 1092 484 viderant!
1127 434 1248 488 testes
1260 435 1361 491 fiant
1377 435 1501 486 hujus
1520 451 1618 481 meae
1641 440 1903 483 narrationis
1915 459 1932 490 ;
1961 439 2037 499 qui

289 506 577 555 meminerint,
591 519 656 549 me
678 499 840 559 edicbffi’
860 501 965 547 hanc
983 517 1127 546 vocem
1139 522 1156 554 ‚·
1182 511 1385 563 quantam
1405 496 1558 559 pestem
1570 501 1767 546 Romana
1778 501 2038 547 AIonarchia

289 584 395 614 nunc
415 568 528 613 alit!
625 567 744 615 Hae‘c
767 566 866 613 ille.v

415 630 612 680 LEUC:
682 628 868 678 Probas
899 623 1192 679 enimvero,-
1228 626 1379 673 etiam
1400 624 1608 674 Sanstos
1631 624 2038 692 Phyiiognomiae

287 695 583 756 neutiquam
607 691 744 741 fuisse
773 692 852 739 vel
875 691 1069 743 osores,
1102 690 1181 739 vel
1209 701 1615 752 contemptores:
1653 689 1764 739 imo
1796 691 1976 754 probat
1995 689 2042 738 se

288 757 449 821 ipsum
473 758 540 805 D.
556 757 828 820 Gregorius
845 753 1328 818 Phyliognomicum
1353 751 1491 800 fuiss'e
1514 753 1726 806 Vatem,
1745 756 1861 816 quia
1881 753 2040 802 fatidi-

289 834 410 869 cum
429 819 590 872 simul,
607 822 657 869 ὃ(
684 818 962 867 veridicum
977 818 1260 881 Augurem.
1362 817 1494 865 Hinc
1524 818 1773 878 aptiorem
1797 814 2038 864 discursus

288 884 566 932 Patronum
588 897 695 930 non
720 879 1089 942 inveniss'cs,qui
1111 879 1558 943 Phyfiognomiam
1585 879 1794 927 doceret
1815 880 2038 931 sanctius,

289 949 340 996 ὃ(
365 946 426 994 ad
450 946 587 993 illam
608 961 704 994 nos
725 946 949 993 incitaret
973 943 1135 991 utilus.
1237 943 1291 989 Id
1318 938 1617 1005 obstupesco
1634 975 1646 995 ,
1674 940 1819 1004 quod
1853 942 2039 1006 lingula

286 1009 546 1060 membra,
573 1006 846 1069 motusque
867 1008 1092 1069 corporis
1114 1004 1284 1067 singuli
1305 1003 1397 1050 (int
1425 1004 1641 1050 totidem
1666 1005 1820 1052 veluti
1841 1006 2038 1067 linguae,

285 1086 396 1133 quae
428 1069 739 1133 Philosopho
768 1069 986 1131 prodant
1015 1067 1195 1113 secreta
1228 1066 1412 1112 cordis.
1519 1066 1612 1112 Fac
1643 1068 1816 1128 igitur,
1837 1067 1922 1114 has
1951 1068 2043 1115 lin-

284 1149 402 1197 guas
423 1134 696 1194 intelligam
726 1130 903 1177 melius
919 1161 931 1181 ,
954 1131 1002 1177 &
1026 1127 1182 1175 fidem
1208 1124 1316 1173 heri
1341 1125 1511 1174 datam
1541 1128 1787 1182 exsolves,
1815 1128 2039 1192 ruptam-

287 1211 384 1256 qne
404 1196 556 1241 telam
581 1193 642 1240 ad
662 1204 782 1240 vota
801 1187 973 1238 denuo
996 1186 1318 1253 prosequeris.
1390 1189 1511 1238 Edic
1526 1223 1539 1244 ,
1561 1191 1683 1254 quid
1706 1191 1927 1239 actiones
1948 1192 2041 1241 fin-

285 1258 410 1320 gulae
425 1289 437 1309 ,
459 1255 581 1318 quid
603 1254 790 1319 singula
814 1253 1037 1301 hominis
1067 1252 1298 1300 membra
1319 1252 1706 1317 Physiognomis
1737 1253 2037 1318 significant,

287 1333 341 1368 ut
370 1335 426 1367 ex
459 1321 567 1373 illis,
593 1319 747 1367 veluti
771 1316 988 1364 totidem
1014 1318 1164 1369 vitris,
1185 1327 1289 1362 tam
1311 1315 1494 1364 bellam
1525 1316 1612 1364 fibi
1632 1317 1877 1366 fabricent
1905 1319 2042 1367 fene-

284 1382 464 1431 stram?
532 1384 688 1428 MEL:
757 1380 1003 1429 Affiones
1027 1381 1077 1428 ὃς
1097 1379 1330 1426 membra
1352 1378 1574 1428 hominis
1594 1379 1798 1444 lingula,
1820 1382 2039 1430 totidem

286 1445 379 1494 esse
400 1445 618 1510 specula,
639 1459 725 1508 per
748 1458 856 1505 quae
879 1442 1033 1489 animi
1065 1441 1134 1490 sui
1156 1441 1338 1490 secreta
1368 1443 1568 1506 pandit,
1589 1447 1767 1493 veritas
1799 1442 1892 1499 est,
1917 1446 2042 1495 divi-

285 1511 411 1558 vino
435 1510 584 1556 etiarn
615 1507 812 1554 calculo
835 1505 1100 1553 roborata:
1153 1521 1208 1551 ex
1235 1507 1285 1550 vi
1301 1522 1328 1550 ιι
1360 1508 1614 1565 cognoscitur
1634 1510 1723 1558 vir,
1749 1509 1806 1555 (φ
1822 1507 1878 1555 ab
1895 1526 2038 1556 occur-

277 1571 327 1629 su
344 1570 479 1629 faciei
498 1570 753 1630 cognoscitur
766 1569 975 1626 sensatus:
1000 1568 1200 1614 Amifi‘us
1219 1572 1480 1626 corporis,&
1498 1569 1693 1630 ingreffiaes
1710 1571 1892 1618 hominis
1910 1589 2039 1619 enun-

287 1638 402 1681 tiant
425 1635 473 1678 de
494 1636 578 1680 illo.
680 1633 877 1681 Scilicet
894 1634 945 1679 in
965 1631 1070 1680 casa
1090 1646 1249 1678 nemo
1279 1632 1562 1695 Principem
1588 1633 1853 1694 quaesierit,
1875 1650 2036 1684 nemo

288 1710 420 1744 extra
448 1695 701 1745 concham
732 1697 1016 1758 margaritas
1040 1727 1053 1748 ,
1082 1709 1175 1742 nee
1206 1690 1405 1757 vestigia
1438 1711 1623 1743 eanum
1653 1697 1785 1743 canis
1817 1697 2037 1752 allatrat,

288 1775 381 1808 nec
406 1759 627 1807 ferarum
649 1757 928 1807 diffimulat.
1028 1759 1200 1806 Timet
1223 1759 1398 1810 etiam,
1423 1756 1542 1806 eum
1561 1757 1756 1807 securus
1775 1756 1844 1806 est
1869 1760 2035 1824 lepus3

289 1824 457 1871 fremit
486 1824 635 1871 etiarn
653 1855 665 1876 ,
689 1821 809 1871 cum
840 1823 1035 1885 angitur
1064 1821 1174 1868 leo:
1210 1821 1435 1869 incolam
1464 1822 1863 1871 circumferimus
1887 1855 1901 1877 ,
1931 1835 2040 1872 tam

290 1882 418 1934 arete
448 1887 674 1950 corporis
703 1885 911 1934 vinculis
942 1880 1296 1938 constrictum,
1317 1896 1372 1933 ut
1396 1899 1539 1949 agere
1568 1897 1811 1948 nequeat,
1837 1888 1961 1948 quin
1988 1885 2036 1935 se

289 1949 497 2012 prodat:
535 1962 763 1997 catenam
784 1948 1022 2010 sequitur,
1045 1963 1154 2010 quae
1183 1964 1293 1996 non
1313 1947 1442 1999 vult,
1463 1949 1667 2011 patitur,
1688 1947 1809 2013 saepe
1827 1964 2035 2014 compa-

289 2013 423 2064 titur,
437 2026 588 2075 prout
609 2009 716 2060 heri
735 2012 947 2060 diximus
972 2027 1029 2060 ex
1049 2013 1289 2075 Stagirita.
1337 2012 1476 2075 Qid
1499 2013 1645 2076 igitur
1663 2014 1869 2065 mirum,
1890 2011 2035 2075 quod

289 2088 348 2121 ex
373 2073 475 2121 hoc
497 2074 689 2123 foedere
710 2075 790 2123 sua
813 2075 1063 2123 deducant
1075 2071 1516 2138 Phyliognomistae
1536 2076 1767 2138 auguria?
1801 2075 2030 2128 Videres,

289 2138 402 2184 artis
427 2136 567 2193 hujus
597 2140 795 2201 peritos,
816 2140 865 2185 in
885 2138 1106 2186 hominis
1128 2138 1343 2189 vultum,
1362 2139 1583 2186 intentos
1602 2137 1816 2202 defigere
1835 2138 2031 2191 oculos,

290 2198 577 2261 obtutuque
597 2197 804 2248 minime
829 2201 1174 2264 perfunctorio
1199 2213 1360 2248 totam
1385 2201 1560 2249 librare
1579 2202 1805 2265 corporis
1823 2200 2034 2264 symme-

289 2263 453 2312 triam.
522 2263 827 2311 Grandiores
847 2280 1064 2328 corpore
1079 2297 1091 2317 ,
1112 2261 1164 2312 ni
1189 2264 1386 2312 aliunde
1409 2265 1613 2313 tollatur
1629 2266 1825 2316 vitium,
1848 2262 2033 2311 tardio-

290 2339 366 2374 res
395 2338 564 2373 mente
585 2328 936 2390 pronuntiant,
959 2325 1256 2375 tardissimos
1274 2326 1307 2376 fi
1331 2329 1534 2377 accedat
1551 2327 1840 2379 humiditas,
1863 2325 2031 2375 minus

290 2387 460 2436 tardos
482 2387 515 2436 si
536 2388 743 2437 siccitas:
782 2389 957 2437 eontra
988 2387 1168 2438 statura
1190 2407 1395 2455 parvos,
1419 2391 1632 2448 majores
1662 2405 1720 2436 ac
1746 2391 2030 2453 promptio-

290 2466 367 2500 res
391 2450 594 2515 ingenisf)
623 2450 858 2503 afferunt,
879 2455 1172 2516 praecipites,
1202 2454 1235 2502 si
1268 2454 1403 2506 siccis
1433 2452 1598 2502 minus
1627 2450 1976 2506 vehementes,
1996 2452 2030 2503 fi

289 2514 490 2566 humidi
512 2533 524 2565 ε
558 2528 745 2567 notum
769 2511 838 2566 est
858 2515 1005 2571 illuds
1041 2517 1139 2567 rarc)
1165 2516 1316 2567 breves
1332 2518 1511 2568 humiles
1529 2516 1638 2569 vidi,
1650 2514 1791 2575 longos
1799 2514 2025 2629 fizpicintes.

1927 2594 1963 2629 n

2170 1021 2173 1031 A

2170 1039 2174 1058 l

2172 1068 2175 1087 ¹,
