2175 2911
667 86 822 148 Hydra
843 83 972 142 nostri
993 83 1234 150 Tempm'w'sx
1670 94 1759 143 261

215 195 281 243 Ut
302 190 496 238 redderet
516 184 718 240 Christum
740 183 918 242 odiosum
932 219 944 236 ‚
965 185 1142 243 negavit
1155 194 1236 243 pro
1257 180 1448 231 omnibus
1466 196 1699 235 mortuum.

533 249 750 296 Volitavit
773 249 1034 312 aliquamdiu
1042 264 1153 294 nova
1170 247 1397 298 Doc'irina,

342 322 430 364 Per
440 332 514 363 ora
535 312 794 358 indofft‘orum
813 315 1007 358 virorum
1019 345 1033 363 ‚
1056 313 1111 358 Θ
1132 309 1348 357 ᾰοὲἶανιαη
1366 310 1609 363 mulierum,

523 381 688 438 Rapuit
705 378 796 422 illos
813 377 1009 425 novitas,
1047 376 1102 421 (9⁸
1118 372 1215 426 istas
1235 373 1417 421 levitas:

428 439 601 500 fefellit
622 455 761 486 omnes
781 455 928 487 nomen
940 436 1180 497 Augustini
1193 470 1206 491 ‚
1239 439 1372 485 etiam
1384 434 1485 496 falsi
1498 453 1513 482 .-

522 506 670 554 Nemo
678 501 758 560 sub
779 519 826 550 eo
845 498 1052 561 Magistro
1081 516 1227 547 errare
1248 503 1417 553 timuit,

332 566 455 628 Cujus
483 567 611 627 ipfiim
625 569 756 613 etiam
770 567 947 612 Nomen
969 563 1220 610 credebatur
1249 575 1397 624 expers
1433 564 1608 611 erroris.

458 633 578 677 Fecit
586 626 989 690 Augustinusfidem
999 660 1012 677 ‚
1045 630 1177 674 etiam
1189 630 1287 676 dum
1290 625 1453 686 fefellit
1465 643 1479 672 .·

326 693 505 743 Placuit
515 691 595 752 sub
620 709 667 739 eo
698 688 1038 750 nominefalfitas
1056 725 1070 742 ,
1082 689 1161 747 sub
1174 707 1255 754 quo
1275 692 1488 756 displicere
1506 685 1726 738 debuerat.

643 753 741 808 Post
754 756 942 818 aliquam
962 755 1289 804 admirationem

556 817 720 867 Vocata
737 818 792 863 ad
811 833 988 863 examen
1005 834 1119 864 nova
1134 818 1364 872 Destrina,

793 880 1064 936 Deprehensi:
1080 879 1136 930 est

418 939 707 992 Dehoneflare
719 942 946 984 Naturam
970 954 1065 983 cum
1093 940 1255 996 injuria
1266 945 1481 990 Creatoris
1492 965 1508 991 .-

417 1003 691 1052 Dedecorare
696 1001 888 1059 gratiam
906 1014 999 1044 cum
1012 998 1233 1058 opprobrio
1246 1006 1507 1058 Servatoris,

501 1063 713 1121 Excusare
715 1074 942 1123 peccatum?
955 1061 1189 1122 neceffitate
1194 1069 1397 1123 peccandi
1406 1085 1426 1122 ,·

418 1129 553 1175 Extin
551 1140 654 1185 gere
665 1140 853 1172 amorem
866 1123 1053 1171 Virtutis
1069 1124 1318 1184 difficultate
1327 1133 1479 1180 meriti
1488 1150 1503 1179 .-

324 1191 479 1240 Creare
491 1190 764 1237 odiumDEO
773 1188 948 1238 homini,
955 1189 1053 1252 dum
1071 1191 1425 1243 ait‚incarnatum
1429 1207 1513 1259 pro
1515 1199 1686 1260 paucis,

377 1270 381 1273 ’
602 1253 917 1298 Pronuntiavit
934 1251 1040 1297 hanc
1052 1252 1309 1302 Doc'irinam

650 1316 896 1362 IVocentem
909 1316 1181 1362 Innocentius
1203 1320 1263 1365 X.

365 1380 615 1431 Damnavit
633 1373 1084 1438 ⁴Augustinumfalsum
1099 1410 1113 1431 ‚
1138 1383 1354 1429 reveritus
1363 1381 1520 1435 Verum
1530 1405 1548 1436 ,-

728 1443 791 1489 Et
806 1443 989 1504 quinque
1010 1442 1188 1499 censuris

428 1506 656 1569 Plufquam
675 1507 858 1568 quinque
875 1506 992 1551 vitia
1004 1507 1048 1551 in
1059 1508 1208 1565 praemi
1235 1522 1270 1552 ις
1290 1509 1482 1569 confixit.

514 1572 619 1617 Nec
641 1582 786 1615 tamen
795 1567 919 1626 siluit
943 1569 1146 1615 damnata
1164 1570 1380 1626 doiifina,

628 1629 848 1690 Tranfivit
862 1630 891 1678 ὲ
901 1631 1004 1691 jure
1024 1633 1078 1677 ad
1091 1629 1274 1690 fabium,

469 1693 636 1760 Totque
652 1696 771 1741 nodis
781 1710 936 1741 novam
955 1695 1187 1742 doffrinam
1203 1699 1432 1759 implicuit,

677 1760 744 1805 Ut
767 1759 920 1817 Gordij
949 1760 1227 1807 viderentur:

595 1823 719 1870 Vidit
748 1822 822 1868 hos
840 1823 1082 1882 Innocentij
1090 1823 1303 1884 fiecoeffbr,

572 1884 776 1949 Dumque
794 1903 862 1934 eos
872 1888 1001 1933 Petri
1013 1886 1099 1943 ense
1120 1885 1323 1947 dissecuit,

766 1951 1016 1998 Alexander
1026 1949 1135 2009 fuit.

187 2013 267 2061 sed
274 2009 496 2074 praemissas
507 2014 725 2062 Doblrinae
739 2014 875 2061 malas
898 2049 913 2066 ‚
937 2014 1157 2075 peioribus
1177 2019 1417 2067 cumulavit
1425 2022 1674 2086 Qefizeuus,

431 2074 532 2131 Post
549 2077 714 2125 detesta
730 2080 848 2125 vitia
867 2113 881 2129 ,
917 2094 1075 2124 novum
1095 2081 1255 2128 vitium
1278 2084 1444 2134 addidit

735 2140 1124 2206 AppellationiS·

344 2203 450 2251 Nec
464 2205 698 2264 pertimuit
715 2203 904 2264 fulmina
924 2241 938 2257 ‚
968 2209 1070 2269 quia
1086 2208 1256 2256 tantum
1279 2211 1517 2265 Clementis.

468 2268 640 2314 Fortius
653 2268 751 2327 jam
763 2279 898 2330 parat
913 2270 1154 2319 Monarcha
1166 2275 1396 2333 parvulus,

674 2334 779 2378 Avo
800 2334 1000 2379 Maximo
1018 2335 1188 2393 Major,

255 2391 303 2441 Si
312 2391 415 2452 plus
431 2391 558 2459 qua'm
574 2407 688 2443 100.
709 2393 890 2448 monstra
909 2410 989 2441 uno
1004 2397 1139 2456 potest
1159 2397 1293 2448 εᾱίὗῖὂ
1312 2403 1590 2462 prosternere.

828 2459 876 2503 si
883 2456 944 2515 sic
960 2459 1016 2512 est
1032 2462 1066 2506 .·“

562 2520 671 2572 Erit
685 2519 882 2581 conclusio
895 2555 909 2571 ‚
930 2525 1076 2583 quales
1088 2523 1294 2586 pramtffiz

867 2583 914 2642 L
928 2584 948 2638 1
981 2599 1009 2648 3
1571 2601 1653 2649 Ha
1659 2595 1734 2659 fa·
