2175 2911
391 112 455 174 96
1017 101 1139 158 Circe
1166 99 1469 170 Philosbpba‘cae,

330 205 449 256 thos
481 195 932 314 ministrantstyfij
957 199 1297 251 Ganimedcs:
1351 199 1439 248 sub
1461 193 1670 262 dapibus
1702 204 1916 261 gemunt
1947 212 2090 249 men-

328 268 416 322 fae,
459 281 581 330 quas
604 265 659 315 sae
698 280 725 313 e
754 264 850 330 sapi
889 279 936 313 as
959 297 972 318 ,
1007 264 1063 314 sae
1100 280 1127 313 e
1168 263 1395 328 iniipidas
1431 275 1717 310 corvorum
1755 259 2022 325 cupedias‚
2061 258 2092 311 ὲ

331 334 563 397 Megaera:
605 344 669 379 cu
686 331 769 377 ina
793 362 810 383 ,
848 281 1101 391 fuliginosi
1140 326 1353 376 afferunt
1391 323 1586 389 Ephebi
1615 341 1632 369 .-
1701 321 1947 388 sympofia
1983 323 2095 373 nul-

329 396 387 446 lo
422 394 730 445 condiuntur
767 392 893 447 sale,
962 391 1049 440 nisi
1084 406 1237 454 quem
1266 387 1561 439 foetentibus
1598 403 1657 436 ex
1693 387 1870 450 stagnis
1903 386 2092 435 crustat

332 461 567 525 Cyprus:
612 456 796 521 pathici
822 468 1100 506 vomuntur
1121 456 1248 510 joci,
1292 455 1347 502 ὅς
1380 466 1437 498 ex
1466 466 1556 499 ore
1583 452 1732 502 illot'o
1767 451 1960 514 spumat
1992 450 2094 499 sali-

332 539 397 574 va
418 520 616 588 putrida
645 538 656 568 :
724 519 888 570 ructus
915 520 1131 569 Venerei
1161 517 1430 566 audiuntur
1461 530 1579 563 cum
1600 516 1692 564 risu
1714 549 1727 569 ‚
1763 513 1946 565 Paridis
1985 514 2094 563 lites

334 597 598 638 cantantur
626 599 746 635 cum
780 581 968 641 jubilo:
1038 585 1086 632 &
1106 597 1170 630 nc
1196 580 1318 643 quid
1365 576 1487 627 defit
1511 579 1788 644 Impietati‚
1847 577 2095 640 saginatos

332 663 532 702 ventres
562 648 625 697 ad
652 646 865 713 tripudia
884 648 1051 695 levant
1072 642 1299 695 >lcviffimi
1328 642 1544 705 hospites
1565 660 1581 690 ,·
1650 658 1857 692 raucam
1877 638 2096 691 fistulam

334 714 462 765 dum
487 729 545 762 ex
567 711 718 761 bifida
735 711 914 759 arbore
937 709 1115 774 pilosus
1137 710 1325 756 animat
1343 709 1569 768 Satyrus,
1607 706 1860 756 ducuntur
1878 705 2093 759 choreae,

374 792 552 829 uarum
574 774 848 840 peripheria
868 771 1090 826 stultitia,
1128 784 1360 820 centrum
1381 769 1450 819 est
1471 769 1677 818 daemon
1701 787 1716 823 3
1750 770 1923 819 larvati
1939 768 2097 817 Ama·
2174 778 2175 822 ξ

334 795 384 899 gi
407 844 457 891 in
478 842 669 889 circum
690 837 895 887 trahunt
914 835 1139 886 Amasias
1153 869 1164 890 ‚
1200 835 1411 884 saltitant
1434 834 1555 883 hirci
1569 865 1583 887 ‚
1619 829 1874 897 strepitant
1891 833 2066 896 Caprae
2081 863 2097 885 ,
2174 842 2175 847 ’

334 911 386 957 &
405 917 460 954 ut
477 899 772 968 praepostera
793 913 1000 964 agantur
1012 894 1306 964 praepostere
1321 930 1334 952 ,
1354 912 1490 946 nunc
1506 894 1727 945 obversis
1748 897 1969 944 invicem
1981 894 2098 943 dor·
2172 927 2173 930 =

335 969 421 1023 fis,
457 982 593 1016 nunc
619 965 792 1022 junctis
823 967 874 1011 in
905 963 1088 1012 orbem
1110 961 1365 1013 manibus,
1397 960 1518 1023 saepe
1536 959 1874 1008 fanaticorum
1904 960 1955 1006 in
1987 972 2100 1006 mo·
2172 1009 2173 1012 ,

335 1047 447 1083 rem
466 1030 695 1087 jactantes
716 1028 890 1089 capita,
915 1037 1293 1084 nonnunquam
1318 1022 1587 1085 sulphureis
1614 1018 1857 1070 instruCtae
1880 1020 2098 1075 facibuS‚
2138 1012 2149 1025 ²
2170 1024 2174 1082 j

335 1093 598 1146 incondita
617 1099 850 1136 exercent
872 1087 1039 1148 orgia,
1075 1098 1184 1144 quae
1205 1083 1412 1131 tandem
1432 1085 1483 1130 in
1505 1083 1717 1131 Floralia
1738 1083 1967 1131 desinunt
1981 1116 1994 1136 ,
2019 1082 2099 1132 ii's-
2133 1079 2150 1085 ⁷*
2171 1087 2173 1101 ‘

337 1173 438 1221 que
469 1151 728 1203 sceleribus
750 1148 1074 1211 complentur
1089 1178 1101 1199 ‚
1123 1160 1233 1208 quae
1253 1144 1280 1196 ὲ
1301 1145 1501 1195 calamo
1521 1142 1808 1194 Christiane»
1828 1149 1981 1195 etiam
1995 1161 2102 1194 me·
2170 1181 2171 1203 3

335 1212 932 1269 morarivetatGentium
955 1209 1172 1259 Dofitor.
1275 1208 1513 1271 Denique
1533 1208 1719 1258 ultimo
1741 1221 1994 1258 coronant
2006 1208 2102 1271 hir·
2170 1205 2175 1269 Q

336 1294 483 1333 curn,
505 1281 555 1328 &
574 1274 899 1339 fixaquisque,
918 1272 947 1322 ἐι
968 1274 1204 1338 proximis
1223 1283 1411 1337 patrata
1432 1272 1680 1345 tripudiis,
1702 1272 2103 1338 depraedicatsce-
2169 1268 2175 1336 ἐξ

334 1346 465 1396 iera:
513 1337 677 1404 magis
699 1335 974 1386 execranda
996 1335 1260 1384 laudantur
1283 1334 1480 1384 uberius
1506 1353 1516 1383 ε
1571 1334 1737 1387 minus
1761 1338 1950 1386 atrocia
1966 1348 2101 1386 atto·
2174 1342 2175 1360 ¹

335 1409 441 1459 cius
453 1402 776 1469 castigantur,
811 1412 866 1450 ut
889 1410 1119 1463 appareat
1133 1432 1146 1452 ‚
1182 1410 1368 1462 quanta
1389 1400 1515 1449 vitiis
1531 1398 1771 1449 debeatur
1826 1400 1952 1450 toria
1968 1399 2102 1465 apud

338 1465 584 1522 scelestos,
685 1465 893 1514 Interim
915 1462 1039 1511 dum
1061 1465 1113 1511 in
1132 1461 1361 1511 flammas
1386 1462 1514 1516 abit,
1550 1462 1767 1513 flammis
1817 1466 1993 1528 ign-um
2007 1463 2102 1513 hir·
2167 1490 2169 1493 ·

340 1536 388 1583 ci
408 1530 743 1595 archetypon‚
780 1523 1134 1576 distribuuntur
1149 1524 1356 1590 venefici
1378 1529 1568 1578 cineres
1581 1560 1594 1581 ‚
1622 1530 1676 1579 ,ὅς
1689 1527 1946 1593 publicato
1961 1528 2103 1578 Pseu-

342 1595 517 1645 dothei
551 1594 757 1643 decreto
787 1589 860 1638 his
896 1590 1081 1639 Verbis:
1119 1589 1365 1645 ulczscimzni
1383 1606 1488 1643 vos,
1511 1591 1701 1653 alioquin
1736 1594 1979 1639 moriemini
1990 1627 2004 1643 ,
2030 1590 2100 1641 ad

341 1660 425 1710 sua
445 1672 626 1708 omncs
637 1655 719 1706 vel
736 1654 974 1708 redeunt,
1003 1654 1083 1703 vel
1101 1651 1434 1702 revehuntur:
1469 1653 1615 1702 hirco
1633 1654 1772 1703 subin
1791 1655 2104 1703 recalcitran-

340 1736 417 1778 te,
455 1725 505 1772 ὅ(
525 1720 589 1769 ad
611 1718 802 1768 sacratae
829 1731 1083 1782 campana:
1107 1716 1328 1766 sonitum
1348 1716 1719 1782 perterrefafi‘tm
1736 1717 1838 1765 suas
1858 1718 1910 1766 in
1932 1716 2106 1767 fimeta
2164 1742 2165 1745 ¹

344 1788 625 1836 excutiente
642 1782 852 1833 Icarides
873 1814 889 1836 ,
935 1778 1091 1844 digno
1114 1782 1287 1845 utique
1308 1782 1715 1845 peregrinationis
1736 1780 1985 1837 ejusmodi
2009 1793 2105 1831 ter·

343 1847 512 1900 mino.
626 1848 689 1896 Et
706 1845 813 1895 haec
835 1846 1047 1894 ext-rasta
1065 1841 1094 1894 ὲ
1112 1846 1367 1909 praecipuis
1384 1844 1666 1908 Areopagi-s
1696 1845 1909 1908 Europae
1924 1876 1938 1896 ‚
1974 1855 2104 1907 quot
2163 1870 2165 1899 ÷

346 1912 647 1964 confirmata
661 1909 770 1959 sunt
786 1905 987 1958 testibus
1001 1944 1014 1960 ,
1050 1920 1130 1957 rot
1147 1907 1440 1957 authenticis
1462 1910 1673 1956 refutata
1695 1907 1804 1955 sunt
1825 1903 2102 1958 testimoni·
2162 1904 2165 1946 Ῑ

348 1978 387 2025 is
401 2010 413 2030 2
433 1991 541 2039 quae
562 1974 650 2025 sibi
671 1970 976 2038 phantastica
1005 1971 1453 2051 finguntSagarum
1475 1987 1536 2019 or
1572 1973 1633 2026 ia,
1656 1969 1916 2021 Authores
1936 1969 1972 2021 si
1996 1985 2108 2021 non
2162 1970 2165 2019 J

348 2039 572 2092 fanatici,
606 2032 742 2086 certe
765 2035 1326 2102 ipfismetMagismagis
1351 2034 1555 2101 phantai
1580 2035 1658 2084 ici„

476 2101 673 2152 LEUC:
743 2097 984 2149 Prolixiits
996 2096 1099 2153 ista,
1117 2097 1152 2148 fi
1165 2102 1287 2163 quid
1298 2098 1497 2150 curioso
1512 2097 1824 2163 Philosopho
1838 2094 2003 2164 potest
2013 2095 2107 2146 effe

348 2164 621 2233 prolixum.
687 2164 956 2228 scrupulus
974 2160 1212 2228 superest,
1233 2180 1389 2228 quem
1408 2163 1532 2212 mih-i
1550 2163 1735 2214 fecerat
1753 2179 1880 2212 mox
1898 2163 1949 2211 in
1961 2175 2104 2210 exor-
2160 2202 2175 2211 ..

352 2229 441 2278 dio
465 2225 713 2276 discursus.
780 2223 981 2283 Dixisti,
1002 2226 1125 2276 nihil
1145 2229 1371 2279 Maniam
1390 2225 1529 2292 posse
1548 2229 1600 2276 in
1621 2228 1825 2278 Naturae
1839 2222 2030 2276 statuta,
2051 2227 2105 2275 δε
2159 2237 2175 2268 ÷

354 2291 608 2341 ordinem.
706 2290 967 2339 Rcvcrcor
987 2289 1221 2340 affertum
1237 2267 1347 2341 ⁴l-ffioc
1367 2325 1381 2346 ‚
1415 2292 1532 2355 quia
1553 2302 1729 2340 tuumz
1763 2292 1814 2340 ὅ(
1831 2286 1954 2337 mihi
1975 2285 2105 2336 suffi-
2159 2292 2161 2305 ‘

357 2372 491 2420 ceret
521 2348 1057 2422 Pythagor-ici1ni2kqoa,
1088 2360 1121 2409 si
1151 2362 1468 2425 Discipulum
1494 2375 1580 2410 me
1607 2359 1805 2411 malles,
1838 2354 1994 2418 quarn
2011 2357 2104 2406 So-

354 2427 540 2500 phura:
561 2423 642 2471 sed
661 2425 777 2494 quia
792 2422 934 2482 hujus
944 2429 1217 2495 proprietas
1235 2428 1358 2477 nihil
1377 2426 1578 2477 credere
1590 2459 1604 2480 ‚
1624 2423 1800 2474 cuneta
1817 2419 1959 2470 scire:
1996 2436 2105 2485 age,
2157 2415 2162 2470 ἶ

357 2489 548 2540 nihilne
568 2488 737 2550 Magia
750 2500 926 2538 contra
946 2503 1131 2542 naturae
1151 2492 1283 2557 leges
1297 2525 1311 2549 ,
1347 2494 1398 2541 ὅτ
1416 2486 1683 2541 ordinem-2
1700 2484 1974 2534 reclamant
1985 2500 2105 2534 una·
2156 2528 2157 2531 ,

358 2555 484 2608 nimi
502 2549 698 2605 calculo
720 2553 1055 2618 experimenta
1071 2589 1088 2616 ‚
1120 2571 1234 2620 quae
1259 2553 1436 2623 pamm
1458 2548 1679 2606 historici
1700 2548 1942 2665 Amatlgs,
2010 2549 2101 2613 Py·
2156 2556 2168 2617 Q.

1912 2626 2031 2678 ago·-
