<?xml version="1.0" encoding="UTF-8"?>
<!DOCTYPE html PUBLIC "-//W3C//DTD XHTML 1.0 Transitional//EN"
    "http://www.w3.org/TR/xhtml1/DTD/xhtml1-transitional.dtd">
<html xmlns="http://www.w3.org/1999/xhtml" xml:lang="en" lang="en">
 <head>
  <title>
</title>
<meta http-equiv="Content-Type" content="text/html;charset=utf-8" />
  <meta name='ocr-system' content='tesseract 3.04.00' />
  <meta name='ocr-capabilities' content='ocr_page ocr_carea ocr_par ocr_line ocrx_word'/>
</head>
<body>
  <div class='ocr_page' id='page_1' title='image "./nostritemporisph00schw/nostritemporisph00schw_0130.png"; bbox 0 0 2175 2911; ppageno 0'>
   <div class='ocr_carea' id='block_1_1' title="bbox 406 122 1480 194">
    <p class='ocr_par' dir='ltr' id='par_1_1' title="bbox 406 122 1480 194">
     <span class='ocr_line' id='line_1_1' title="bbox 406 122 1480 194; baseline 0.004 -20"><span class='ocrx_word' id='word_1_1' title='bbox 406 135 496 174; x_wconf 79' lang='lat'>102</span> <span class='ocrx_word' id='word_1_2' title='bbox 941 127 1072 192; x_wconf 82' lang='lat' dir='ltr'>scylla</span> <span class='ocrx_word' id='word_1_3' title='bbox 1091 127 1218 194; x_wconf 72' lang='lat' dir='ltr'>atqu&#39;e</span> <span class='ocrx_word' id='word_1_4' title='bbox 1239 122 1480 191; x_wconf 56' lang='lat' dir='ltr'>chambdis&#39;.</span> 
     </span>
    </p>
   </div>
   <div class='ocr_carea' id='block_1_2' title="bbox 336 213 2110 474">
    <p class='ocr_par' dir='ltr' id='par_1_2' title="bbox 336 213 2110 474">
     <span class='ocr_line' id='line_1_2' title="bbox 338 213 2093 284; baseline 0 -16"><span class='ocrx_word' id='word_1_5' title='bbox 338 219 428 268; x_wconf 91' lang='lat' dir='ltr'>ovi</span> <span class='ocrx_word' id='word_1_6' title='bbox 447 215 649 267; x_wconf 82' lang='lat' dir='ltr'>saliente</span> <span class='ocrx_word' id='word_1_7' title='bbox 675 213 866 284; x_wconf 57' lang='lat' dir='ltr'>pundo</span> <span class='ocrx_word' id='word_1_8' title='bbox 889 235 899 267; x_wconf 86' lang='lat'>:</span> <span class='ocrx_word' id='word_1_9' title='bbox 952 220 1169 269; x_wconf 86' lang='lat' dir='ltr'>Harvaeo</span> <span class='ocrx_word' id='word_1_10' title='bbox 1195 221 1247 269; x_wconf 86' lang='lat' dir='ltr'>in</span> <span class='ocrx_word' id='word_1_11' title='bbox 1273 219 1406 270; x_wconf 84' lang='lat' dir='ltr'>foetu</span> <span class='ocrx_word' id='word_1_12' title='bbox 1433 218 1690 274; x_wconf 79' lang='lat' dir='ltr'>humano,</span> <span class='ocrx_word' id='word_1_13' title='bbox 1712 214 1797 269; x_wconf 87' lang='lat' dir='ltr'>etfi</span> <span class='ocrx_word' id='word_1_14' title='bbox 1820 215 2093 270; x_wconf 77' lang='lat' dir='ltr'>formicam</span> 
     </span>
     <span class='ocr_line' id='line_1_3' title="bbox 337 281 2098 346; baseline 0.002 -15"><span class='ocrx_word' id='word_1_15' title='bbox 337 281 686 346; x_wconf 82' lang='lat' dir='ltr'>magnitudine</span> <span class='ocrx_word' id='word_1_16' title='bbox 703 298 818 336; x_wconf 44' lang='lat' dir='ltr'>&lt;non</span> <span class='ocrx_word' id='word_1_17' title='bbox 836 281 1112 331; x_wconf 77' lang='lat' dir='ltr'>exccffifl&#39;et.</span> <span class='ocrx_word' id='word_1_18' title='bbox 1212 285 1434 333; x_wconf 89' lang='lat' dir='ltr'>Armato</span> <span class='ocrx_word' id='word_1_19' title='bbox 1465 283 1709 341; x_wconf 86' lang='lat' dir='ltr'>ejusmodi</span> <span class='ocrx_word' id='word_1_20' title='bbox 1738 283 1896 332; x_wconf 91' lang='lat' dir='ltr'>oculo</span> <span class='ocrx_word' id='word_1_21' title='bbox 1921 282 2098 346; x_wconf 78' lang='lat' dir='ltr'>depre-.</span> 
     </span>
     <span class='ocr_line' id='line_1_4' title="bbox 337 344 2098 401; baseline -0.002 -7"><span class='ocrx_word' id='word_1_22' title='bbox 337 344 514 395; x_wconf 89' lang='lat' dir='ltr'>hendit</span> <span class='ocrx_word' id='word_1_23' title='bbox 536 345 598 393; x_wconf 91' lang='lat' dir='ltr'>de</span> <span class='ocrx_word' id='word_1_24' title='bbox 624 347 772 395; x_wconf 83' lang='lat' dir='ltr'>Lanis</span> <span class='ocrx_word' id='word_1_25' title='bbox 803 346 1106 396; x_wconf 82' lang='lat' dir='ltr'>vermiculos</span> <span class='ocrx_word' id='word_1_26' title='bbox 1138 345 1269 395; x_wconf 81' lang='lat' dir='ltr'>adeo</span> <span class='ocrx_word' id='word_1_27' title='bbox 1304 359 1503 401; x_wconf 89' lang='lat' dir='ltr'>tenues,</span> <span class='ocrx_word' id='word_1_28' title='bbox 1538 360 1592 396; x_wconf 92' lang='lat' dir='ltr'>ut</span> <span class='ocrx_word' id='word_1_29' title='bbox 1619 363 1800 396; x_wconf 90' lang='lat' dir='ltr'>eorum</span> <span class='ocrx_word' id='word_1_30' title='bbox 1836 345 2098 399; x_wconf 78' lang='lat' dir='ltr'>milliones</span> 
     </span>
     <span class='ocr_line' id='line_1_5' title="bbox 336 407 2110 474; baseline -0.002 -16"><span class='ocrx_word' id='word_1_31' title='bbox 336 411 513 473; x_wconf 83' lang='lat' dir='ltr'>viginti</span> <span class='ocrx_word' id='word_1_32' title='bbox 536 408 747 472; x_wconf 85' lang='lat' dir='ltr'><strong>septem,</strong></span> <span class='ocrx_word' id='word_1_33' title='bbox 772 410 1038 473; x_wconf 87' lang='lat' dir='ltr'>grauulum</span> <span class='ocrx_word' id='word_1_34' title='bbox 1065 411 1208 458; x_wconf 87' lang='lat' dir='ltr'>tritici</span> <span class='ocrx_word' id='word_1_35' title='bbox 1231 412 1306 459; x_wconf 82' lang='lat' dir='ltr'>vix</span> <span class='ocrx_word' id='word_1_36' title='bbox 1330 422 1607 472; x_wconf 70' lang='lat' dir='ltr'>aequarent,</span> <span class='ocrx_word' id='word_1_37' title='bbox 1628 425 1851 474; x_wconf 86' lang='lat' dir='ltr'>quorum</span> <span class='ocrx_word' id='word_1_38' title='bbox 1872 407 2110 462; x_wconf 17' lang='lat' dir='ltr'>totidem*</span> 
     </span>
    </p>
   </div>
   <div class='ocr_carea' id='block_1_3' title="bbox 335 470 2171 537">
    <p class='ocr_par' dir='ltr' id='par_1_3' title="bbox 335 470 2171 537">
     <span class='ocr_line' id='line_1_6' title="bbox 335 470 2171 537; baseline -0.002 -17"><span class='ocrx_word' id='word_1_39' title='bbox 335 472 514 537; x_wconf 88' lang='lat' dir='ltr'>pedes,</span> <span class='ocrx_word' id='word_1_40' title='bbox 535 470 568 520; x_wconf 91' lang='lat' dir='ltr'>s1</span> <span class='ocrx_word' id='word_1_41' title='bbox 591 474 640 520; x_wconf 91' lang='lat' dir='ltr'>in</span> <span class='ocrx_word' id='word_1_42' title='bbox 660 488 820 522; x_wconf 88' lang='lat' dir='ltr'>unum</span> <span class='ocrx_word' id='word_1_43' title='bbox 843 474 1099 535; x_wconf 78' lang='lat' dir='ltr'>colligeres</span> <span class='ocrx_word' id='word_1_44' title='bbox 1115 505 1127 526; x_wconf 94' lang='lat'>,</span> <span class='ocrx_word' id='word_1_45' title='bbox 1149 471 1408 521; x_wconf 75' lang='lat' dir='ltr'>crassitiem</span> <span class='ocrx_word' id='word_1_46' title='bbox 1427 472 1496 520; x_wconf 88' lang='lat' dir='ltr'>fili</span> <span class='ocrx_word' id='word_1_47' title='bbox 1516 472 1645 522; x_wconf 90' lang='lat' dir='ltr'>serici</span> <span class='ocrx_word' id='word_1_48' title='bbox 1661 506 1674 526; x_wconf 92' lang='lat'>,</span> <span class='ocrx_word' id='word_1_49' title='bbox 1699 475 1849 521; x_wconf 89' lang='lat' dir='ltr'>etiam</span> <span class='ocrx_word' id='word_1_50' title='bbox 1871 470 2091 519; x_wconf 88' lang='lat' dir='ltr'>subtilio-</span> <span class='ocrx_word' id='word_1_51' title='bbox 2168 509 2171 517; x_wconf 95' lang='grc'><em>,</em></span> 
     </span>
    </p>
   </div>
   <div class='ocr_carea' id='block_1_4' title="bbox 329 533 2169 983">
    <p class='ocr_par' dir='ltr' id='par_1_4' title="bbox 333 533 2104 853">
     <span class='ocr_line' id='line_1_7' title="bbox 338 533 2097 600; baseline 0.001 -17"><span class='ocrx_word' id='word_1_52' title='bbox 338 537 427 588; x_wconf 88' lang='lat' dir='ltr'>ris,</span> <span class='ocrx_word' id='word_1_53' title='bbox 447 550 555 584; x_wconf 87' lang='lat' dir='ltr'>non</span> <span class='ocrx_word' id='word_1_54' title='bbox 578 534 870 600; x_wconf 82' lang='lat' dir='ltr'>superarent.</span> <span class='ocrx_word' id='word_1_55' title='bbox 972 533 1087 584; x_wconf 83' lang='lat' dir='ltr'>Imo</span> <span class='ocrx_word' id='word_1_56' title='bbox 1128 535 1328 585; x_wconf 69' lang='lat' dir='ltr'>Callato</span> <span class='ocrx_word' id='word_1_57' title='bbox 1359 534 1393 584; x_wconf 82' lang='lat' dir='ltr'>si</span> <span class='ocrx_word' id='word_1_58' title='bbox 1421 534 1542 584; x_wconf 86' lang='lat' dir='ltr'>fides</span> <span class='ocrx_word' id='word_1_59' title='bbox 1564 568 1578 589; x_wconf 94' lang='lat'>,</span> <span class='ocrx_word' id='word_1_60' title='bbox 1618 536 1855 600; x_wconf 86' lang='lat' dir='ltr'>particula</span> <span class='ocrx_word' id='word_1_61' title='bbox 1881 533 2003 582; x_wconf 89' lang='lat' dir='ltr'>casei</span> <span class='ocrx_word' id='word_1_62' title='bbox 2035 535 2097 590; x_wconf 78' lang='lat' dir='ltr'>in.</span> 
     </span>
     <span class='ocr_line' id='line_1_8' title="bbox 335 596 2104 663; baseline -0.002 -16"><span class='ocrx_word' id='word_1_63' title='bbox 335 599 482 647; x_wconf 86' lang='lat' dir='ltr'>exiles</span> <span class='ocrx_word' id='word_1_64' title='bbox 501 597 632 648; x_wconf 82' lang='lat' dir='ltr'>adeo</span> <span class='ocrx_word' id='word_1_65' title='bbox 663 599 967 647; x_wconf 82' lang='lat' dir='ltr'>vermiculos</span> <span class='ocrx_word' id='word_1_66' title='bbox 997 596 1066 646; x_wconf 91' lang='lat' dir='ltr'>est</span> <span class='ocrx_word' id='word_1_67' title='bbox 1095 599 1332 650; x_wconf 84' lang='lat' dir='ltr'>resoluta,</span> <span class='ocrx_word' id='word_1_68' title='bbox 1362 611 1416 647; x_wconf 90' lang='lat' dir='ltr'>ut</span> <span class='ocrx_word' id='word_1_69' title='bbox 1450 596 1621 663; x_wconf 79' lang='lat' dir='ltr'>primo</span> <span class='ocrx_word' id='word_1_70' title='bbox 1653 610 1906 648; x_wconf 87' lang='lat' dir='ltr'>armatum</span> <span class='ocrx_word' id='word_1_71' title='bbox 1934 597 2104 649; x_wconf 72' lang='lat' dir='ltr'>etiam,</span> 
     </span>
     <span class='ocr_line' id='line_1_9' title="bbox 333 660 2093 726; baseline -0.003 -14"><span class='ocrx_word' id='word_1_72' title='bbox 333 661 549 713; x_wconf 89' lang='lat' dir='ltr'>oculum</span> <span class='ocrx_word' id='word_1_73' title='bbox 563 661 802 726; x_wconf 80' lang='lat' dir='ltr'>fugerint3</span> <span class='ocrx_word' id='word_1_74' title='bbox 836 661 917 710; x_wconf 91' lang='lat' dir='ltr'>sed</span> <span class='ocrx_word' id='word_1_75' title='bbox 935 661 1038 716; x_wconf 89' lang='lat' dir='ltr'>ubi,</span> <span class='ocrx_word' id='word_1_76' title='bbox 1059 664 1225 711; x_wconf 86' lang='lat' dir='ltr'>calore</span> <span class='ocrx_word' id='word_1_77' title='bbox 1242 662 1372 716; x_wconf 88' lang='lat' dir='ltr'>solis,</span> <span class='ocrx_word' id='word_1_78' title='bbox 1387 663 1592 712; x_wconf 88' lang='lat' dir='ltr'>animati</span> <span class='ocrx_word' id='word_1_79' title='bbox 1611 660 1657 710; x_wconf 92' lang='lat' dir='ltr'>se</span> <span class='ocrx_word' id='word_1_80' title='bbox 1670 672 1958 713; x_wconf 88' lang='lat' dir='ltr'>moverant,</span> <span class='ocrx_word' id='word_1_81' title='bbox 1971 671 2093 707; x_wconf 87' lang='lat' dir='ltr'>tune</span> 
     </span>
     <span class='ocr_line' id='line_1_10' title="bbox 336 721 2095 790; baseline -0.002 -17"><span class='ocrx_word' id='word_1_82' title='bbox 336 722 601 774; x_wconf 76' lang='lat' dir='ltr'>enimvero</span> <span class='ocrx_word' id='word_1_83' title='bbox 628 726 900 774; x_wconf 87' lang='lat' dir='ltr'>exercitum</span> <span class='ocrx_word' id='word_1_84' title='bbox 920 725 1270 790; x_wconf 84' lang='lat' dir='ltr'>deprehendit,</span> <span class='ocrx_word' id='word_1_85' title='bbox 1292 726 1428 783; x_wconf 89' lang='lat' dir='ltr'>eujus</span> <span class='ocrx_word' id='word_1_86' title='bbox 1456 740 1729 774; x_wconf 87' lang='lat' dir='ltr'>numerum</span> <span class='ocrx_word' id='word_1_87' title='bbox 1754 721 2095 773; x_wconf 86' lang='lat' dir='ltr'>innumerabi-</span> 
     </span>
     <span class='ocr_line' id='line_1_11' title="bbox 333 785 2089 853; baseline -0.002 -17"><span class='ocrx_word' id='word_1_88' title='bbox 333 788 438 837; x_wconf 87' lang='lat' dir='ltr'>lem</span> <span class='ocrx_word' id='word_1_89' title='bbox 460 803 553 836; x_wconf 91' lang='lat' dir='ltr'>nec</span> <span class='ocrx_word' id='word_1_90' title='bbox 566 789 727 852; x_wconf 85' lang='lat' dir='ltr'>Cyrus</span> <span class='ocrx_word' id='word_1_91' title='bbox 748 788 952 852; x_wconf 85' lang='lat' dir='ltr'>ipsemet</span> <span class='ocrx_word' id='word_1_92' title='bbox 974 788 1198 839; x_wconf 81' lang='lat' dir='ltr'>iniviss&#39;et.</span> <span class='ocrx_word' id='word_1_93' title='bbox 1266 791 1327 839; x_wconf 90' lang='lat' dir='ltr'>Et</span> <span class='ocrx_word' id='word_1_94' title='bbox 1346 804 1453 852; x_wconf 83' lang='lat' dir='ltr'>quae</span> <span class='ocrx_word' id='word_1_95' title='bbox 1477 788 1704 853; x_wconf 83' lang='lat' dir='ltr'>prodigia</span> <span class='ocrx_word' id='word_1_96' title='bbox 1728 787 1790 836; x_wconf 91' lang='lat' dir='ltr'>de</span> <span class='ocrx_word' id='word_1_97' title='bbox 1816 785 2089 850; x_wconf 88' lang='lat' dir='ltr'>telescopio</span> 
     </span>
    </p>

    <p class='ocr_par' dir='ltr' id='par_1_5' title="bbox 329 847 2169 983">
     <span class='ocr_line' id='line_1_12' title="bbox 329 847 2169 905; baseline -0.002 -6"><span class='ocrx_word' id='word_1_98' title='bbox 329 854 654 900; x_wconf 81' lang='lat' dir='ltr'>memorem?</span> <span class='ocrx_word' id='word_1_99' title='bbox 690 852 900 900; x_wconf 91' lang='lat' dir='ltr'>oculum</span> <span class='ocrx_word' id='word_1_100' title='bbox 921 853 974 900; x_wconf 90' lang='lat' dir='ltr'>in</span> <span class='ocrx_word' id='word_1_101' title='bbox 995 852 1176 901; x_wconf 87' lang='lat' dir='ltr'>Coelos</span> <span class='ocrx_word' id='word_1_102' title='bbox 1198 853 1405 905; x_wconf 90' lang='lat' dir='ltr'>attollit,</span> <span class='ocrx_word' id='word_1_103' title='bbox 1431 855 1481 902; x_wconf 69' lang='grc' dir='ltr'>ὃς</span> <span class='ocrx_word' id='word_1_104' title='bbox 1504 851 1659 900; x_wconf 81' lang='lat' dir='ltr'>sidera</span> <span class='ocrx_word' id='word_1_105' title='bbox 1684 851 1746 899; x_wconf 89' lang='lat' dir='ltr'>ad</span> <span class='ocrx_word' id='word_1_106' title='bbox 1766 849 1979 898; x_wconf 89' lang='lat' dir='ltr'>oculum</span> <span class='ocrx_word' id='word_1_107' title='bbox 2001 847 2084 897; x_wconf 78' lang='lat' dir='ltr'>de·</span> <span class='ocrx_word' id='word_1_108' title='bbox 2168 856 2169 860; x_wconf 76' lang='grc'>’</span> 
     </span>
     <span class='ocr_line' id='line_1_13' title="bbox 329 911 2086 983; baseline -0.002 -20"><span class='ocrx_word' id='word_1_109' title='bbox 329 913 503 963; x_wconf 88' lang='lat' dir='ltr'>trahit:</span> <span class='ocrx_word' id='word_1_110' title='bbox 540 914 753 964; x_wconf 86' lang='lat' dir='ltr'>Coelum</span> <span class='ocrx_word' id='word_1_111' title='bbox 772 913 799 963; x_wconf 75' lang='lat' dir='ltr'>a</span> <span class='ocrx_word' id='word_1_112' title='bbox 817 914 1032 963; x_wconf 90' lang='lat' dir='ltr'>celando</span> <span class='ocrx_word' id='word_1_113' title='bbox 1051 912 1225 965; x_wconf 70' lang='lat' dir='ltr'>frustra</span> <span class='ocrx_word' id='word_1_114' title='bbox 1245 917 1347 974; x_wconf 85' lang='lat' dir='ltr'>jam</span> <span class='ocrx_word' id='word_1_115' title='bbox 1376 915 1615 968; x_wconf 85' lang='lat' dir='ltr'>dicimus,</span> <span class='ocrx_word' id='word_1_116' title='bbox 1641 929 1787 967; x_wconf 85' lang='lat' dir='ltr'>nam,</span> <span class='ocrx_word' id='word_1_117' title='bbox 1810 911 2086 983; x_wconf 76' lang='lat' dir='ltr'>telescopio</span> 
     </span>
    </p>
   </div>
   <div class='ocr_carea' id='block_1_5' title="bbox 329 969 2174 1042">
    <p class='ocr_par' dir='ltr' id='par_1_6' title="bbox 329 969 2174 1042">
     <span class='ocr_line' id='line_1_14' title="bbox 329 969 2174 1042; baseline -0.002 -17"><span class='ocrx_word' id='word_1_118' title='bbox 329 977 569 1031; x_wconf 90' lang='lat' dir='ltr'>invento,</span> <span class='ocrx_word' id='word_1_119' title='bbox 588 977 710 1026; x_wconf 88' lang='lat' dir='ltr'>nihil</span> <span class='ocrx_word' id='word_1_120' title='bbox 736 978 947 1042; x_wconf 86' lang='lat' dir='ltr'>amplius</span> <span class='ocrx_word' id='word_1_121' title='bbox 973 979 1213 1028; x_wconf 86' lang='lat' dir='ltr'>mortales</span> <span class='ocrx_word' id='word_1_122' title='bbox 1243 980 1384 1028; x_wconf 89' lang='lat' dir='ltr'>celat.</span> <span class='ocrx_word' id='word_1_123' title='bbox 1463 974 1652 1027; x_wconf 74' lang='lat' dir='ltr'>Frustra</span> <span class='ocrx_word' id='word_1_124' title='bbox 1677 978 1728 1024; x_wconf 88' lang='lat' dir='ltr'>in</span> <span class='ocrx_word' id='word_1_125' title='bbox 1746 975 2086 1024; x_wconf 81' lang='lat' dir='ltr'>remotissimis</span> <span class='ocrx_word' id='word_1_126' title='bbox 2166 969 2174 1006; x_wconf 64' lang='lat' dir='ltr'><em>f</em></span> 
     </span>
    </p>
   </div>
   <div class='ocr_carea' id='block_1_6' title="bbox 325 1031 2092 1106">
    <p class='ocr_par' dir='ltr' id='par_1_7' title="bbox 325 1031 2092 1106">
     <span class='ocr_line' id='line_1_15' title="bbox 325 1031 2092 1106; baseline -0.004 -16"><span class='ocrx_word' id='word_1_127' title='bbox 325 1039 482 1106; x_wconf 87' lang='lat' dir='ltr'>spatijs</span> <span class='ocrx_word' id='word_1_128' title='bbox 503 1039 764 1089; x_wconf 86' lang='lat' dir='ltr'>abscondit</span> <span class='ocrx_word' id='word_1_129' title='bbox 790 1040 883 1088; x_wconf 92' lang='lat' dir='ltr'>sese</span> <span class='ocrx_word' id='word_1_130' title='bbox 905 1042 1167 1090; x_wconf 89' lang='lat' dir='ltr'>Saturnus:</span> <span class='ocrx_word' id='word_1_131' title='bbox 1203 1042 1402 1090; x_wconf 89' lang='lat' dir='ltr'>nullum</span> <span class='ocrx_word' id='word_1_132' title='bbox 1429 1041 1497 1089; x_wconf 90' lang='lat' dir='ltr'>illi</span> <span class='ocrx_word' id='word_1_133' title='bbox 1519 1043 1620 1095; x_wconf 84' lang='lat' dir='ltr'>jam</span> <span class='ocrx_word' id='word_1_134' title='bbox 1642 1040 1847 1087; x_wconf 90' lang='lat' dir='ltr'>Latium</span> <span class='ocrx_word' id='word_1_135' title='bbox 1875 1031 2092 1100; x_wconf 87' lang='lat' dir='ltr'>superest</span> 
     </span>
    </p>
   </div>
   <div class='ocr_carea' id='block_1_7' title="bbox 327 1098 2167 1167">
    <p class='ocr_par' dir='ltr' id='par_1_8' title="bbox 327 1098 2167 1167">
     <span class='ocr_line' id='line_1_16' title="bbox 327 1098 2167 1167; baseline -0.003 -16"><span class='ocrx_word' id='word_1_136' title='bbox 327 1103 394 1152; x_wconf 85' lang='lat' dir='ltr'>ad</span> <span class='ocrx_word' id='word_1_137' title='bbox 420 1102 705 1150; x_wconf 90' lang='lat' dir='ltr'>latendum:</span> <span class='ocrx_word' id='word_1_138' title='bbox 744 1101 991 1157; x_wconf 80' lang='lat' dir='ltr'>emissariis</span> <span class='ocrx_word' id='word_1_139' title='bbox 1027 1104 1192 1151; x_wconf 89' lang='lat' dir='ltr'>vitreis</span> <span class='ocrx_word' id='word_1_140' title='bbox 1220 1103 1248 1150; x_wconf 71' lang='lat' dir='ltr'>a</span> <span class='ocrx_word' id='word_1_141' title='bbox 1274 1103 1393 1167; x_wconf 83' lang='lat' dir='ltr'>fuga</span> <span class='ocrx_word' id='word_1_142' title='bbox 1424 1101 1716 1153; x_wconf 83' lang='lat' dir='ltr'>retrahitur,</span> <span class='ocrx_word' id='word_1_143' title='bbox 1742 1098 1842 1148; x_wconf 72' lang='lat' dir='ltr'>una</span> <span class='ocrx_word' id='word_1_144' title='bbox 1873 1113 1993 1147; x_wconf 90' lang='lat' dir='ltr'>cum</span> <span class='ocrx_word' id='word_1_145' title='bbox 2021 1099 2090 1147; x_wconf 79' lang='lat' dir='ltr'>sa·</span> <span class='ocrx_word' id='word_1_146' title='bbox 2166 1102 2167 1109; x_wconf 76' lang='grc'>’</span> 
     </span>
    </p>
   </div>
   <div class='ocr_carea' id='block_1_8' title="bbox 326 1158 2084 1233">
    <p class='ocr_par' dir='ltr' id='par_1_9' title="bbox 326 1158 2084 1233">
     <span class='ocr_line' id='line_1_17' title="bbox 326 1158 2084 1233; baseline -0.001 -22"><span class='ocrx_word' id='word_1_147' title='bbox 326 1165 506 1211; x_wconf 89' lang='lat' dir='ltr'>tellitio</span> <span class='ocrx_word' id='word_1_148' title='bbox 520 1195 532 1216; x_wconf 92' lang='lat'>,</span> <span class='ocrx_word' id='word_1_149' title='bbox 551 1163 706 1233; x_wconf 31' lang='lat' dir='ltr'>&#39;quod</span> <span class='ocrx_word' id='word_1_150' title='bbox 727 1163 923 1211; x_wconf 89' lang='lat' dir='ltr'>tamdiu</span> <span class='ocrx_word' id='word_1_151' title='bbox 945 1164 1148 1212; x_wconf 86' lang='lat' dir='ltr'>callidus</span> <span class='ocrx_word' id='word_1_152' title='bbox 1169 1161 1350 1212; x_wconf 68' lang='lat' dir='ltr'>celarat</span> <span class='ocrx_word' id='word_1_153' title='bbox 1371 1166 1546 1214; x_wconf 87' lang='lat' dir='ltr'>Senex.</span> <span class='ocrx_word' id='word_1_154' title='bbox 1633 1158 1822 1212; x_wconf 72' lang='lat' dir='ltr'>Frustra</span> <span class='ocrx_word' id='word_1_155' title='bbox 1844 1161 2084 1226; x_wconf 84' lang='lat' dir='ltr'>gloriatur</span> 
     </span>
    </p>
   </div>
   <div class='ocr_carea' id='block_1_9' title="bbox 326 1223 2165 1290">
    <p class='ocr_par' dir='ltr' id='par_1_10' title="bbox 326 1223 2165 1290">
     <span class='ocr_line' id='line_1_18' title="bbox 326 1223 2165 1290; baseline 0 -17"><span class='ocrx_word' id='word_1_156' title='bbox 326 1226 428 1281; x_wconf 80' lang='lat' dir='ltr'>jam</span> <span class='ocrx_word' id='word_1_157' title='bbox 446 1226 655 1289; x_wconf 75' lang='lat' dir='ltr'>Jupiter,</span> <span class='ocrx_word' id='word_1_158' title='bbox 678 1224 758 1273; x_wconf 88' lang='lat' dir='ltr'>sua</span> <span class='ocrx_word' id='word_1_159' title='bbox 780 1223 874 1273; x_wconf 85' lang='lat' dir='ltr'>effe</span> <span class='ocrx_word' id='word_1_160' title='bbox 891 1224 1075 1274; x_wconf 89' lang='lat' dir='ltr'>secreta</span> <span class='ocrx_word' id='word_1_161' title='bbox 1107 1225 1222 1281; x_wconf 87' lang='lat' dir='ltr'>fibi,</span> <span class='ocrx_word' id='word_1_162' title='bbox 1247 1242 1357 1290; x_wconf 86' lang='lat' dir='ltr'>quae</span> <span class='ocrx_word' id='word_1_163' title='bbox 1385 1242 1479 1276; x_wconf 89' lang='lat' dir='ltr'>nee</span> <span class='ocrx_word' id='word_1_164' title='bbox 1501 1228 1695 1285; x_wconf 86' lang='lat' dir='ltr'>Junoni</span> <span class='ocrx_word' id='word_1_165' title='bbox 1725 1226 1899 1275; x_wconf 83' lang='lat' dir='ltr'>leviter</span> <span class='ocrx_word' id='word_1_166' title='bbox 1926 1226 1978 1273; x_wconf 89' lang='lat' dir='ltr'>in</span> <span class='ocrx_word' id='word_1_167' title='bbox 2005 1240 2087 1273; x_wconf 87' lang='lat' dir='ltr'>au·</span> <span class='ocrx_word' id='word_1_168' title='bbox 2164 1255 2165 1284; x_wconf 72' lang='lat'>3</span> 
     </span>
    </p>
   </div>
   <div class='ocr_carea' id='block_1_10' title="bbox 323 1284 2106 1529">
    <p class='ocr_par' dir='ltr' id='par_1_11' title="bbox 323 1284 2106 1529">
     <span class='ocr_line' id='line_1_19' title="bbox 324 1284 2105 1353; baseline -0.001 -16"><span class='ocrx_word' id='word_1_169' title='bbox 324 1303 460 1337; x_wconf 87' lang='lat' dir='ltr'>rern:</span> <span class='ocrx_word' id='word_1_170' title='bbox 504 1302 599 1336; x_wconf 90' lang='lat' dir='ltr'>nec</span> <span class='ocrx_word' id='word_1_171' title='bbox 628 1285 782 1352; x_wconf 80' lang='lat' dir='ltr'>ipsam</span> <span class='ocrx_word' id='word_1_172' title='bbox 816 1287 1133 1353; x_wconf 88' lang='lat' dir='ltr'>Dyphteram</span> <span class='ocrx_word' id='word_1_173' title='bbox 1166 1290 1232 1339; x_wconf 89' lang='lat' dir='ltr'>sat</span> <span class='ocrx_word' id='word_1_174' title='bbox 1267 1302 1430 1340; x_wconf 88' lang='lat' dir='ltr'>tutam</span> <span class='ocrx_word' id='word_1_175' title='bbox 1460 1291 1601 1339; x_wconf 88' lang='lat' dir='ltr'>sentit</span> <span class='ocrx_word' id='word_1_176' title='bbox 1638 1292 1689 1340; x_wconf 67' lang='grc' dir='ltr'>ὃς</span> <span class='ocrx_word' id='word_1_177' title='bbox 1717 1289 1928 1342; x_wconf 80' lang='lat' dir='ltr'>tectam,</span> <span class='ocrx_word' id='word_1_178' title='bbox 1955 1284 2105 1352; x_wconf 50' lang='lat' dir='ltr'>post-¹</span> 
     </span>
     <span class='ocr_line' id='line_1_20' title="bbox 323 1349 2086 1417; baseline 0 -18"><span class='ocrx_word' id='word_1_179' title='bbox 323 1365 483 1414; x_wconf 90' lang='lat' dir='ltr'>quam</span> <span class='ocrx_word' id='word_1_180' title='bbox 508 1350 827 1414; x_wconf 84' lang='lat' dir='ltr'>exploratore</span> <span class='ocrx_word' id='word_1_181' title='bbox 857 1352 1017 1399; x_wconf 90' lang='lat' dir='ltr'>oculo</span> <span class='ocrx_word' id='word_1_182' title='bbox 1043 1352 1234 1401; x_wconf 70' lang='lat' dir='ltr'>deteOra</span> <span class='ocrx_word' id='word_1_183' title='bbox 1270 1354 1324 1400; x_wconf 90' lang='lat' dir='ltr'>in</span> <span class='ocrx_word' id='word_1_184' title='bbox 1350 1352 1528 1409; x_wconf 85' lang='lat' dir='ltr'>fascijs3</span> <span class='ocrx_word' id='word_1_185' title='bbox 1559 1349 1831 1417; x_wconf 87' lang='lat' dir='ltr'>postquam</span> <span class='ocrx_word' id='word_1_186' title='bbox 1859 1366 1945 1416; x_wconf 90' lang='lat' dir='ltr'>per</span> <span class='ocrx_word' id='word_1_187' title='bbox 1971 1350 2086 1399; x_wconf 87' lang='lat' dir='ltr'>suos</span> 
     </span>
     <span class='ocr_line' id='line_1_21' title="bbox 324 1412 2093 1481; baseline -0.001 -18"><span class='ocrx_word' id='word_1_188' title='bbox 324 1414 558 1464; x_wconf 89' lang='lat' dir='ltr'>Comites</span> <span class='ocrx_word' id='word_1_189' title='bbox 569 1414 616 1462; x_wconf 88' lang='lat' dir='ltr'>se</span> <span class='ocrx_word' id='word_1_190' title='bbox 635 1427 845 1476; x_wconf 90' lang='lat' dir='ltr'>quoque</span> <span class='ocrx_word' id='word_1_191' title='bbox 862 1413 1123 1478; x_wconf 88' lang='lat' dir='ltr'>proditum</span> <span class='ocrx_word' id='word_1_192' title='bbox 1134 1414 1346 1470; x_wconf 87' lang='lat' dir='ltr'>sentit,&amp;</span> <span class='ocrx_word' id='word_1_193' title='bbox 1360 1412 1535 1481; x_wconf 91' lang='lat' dir='ltr'>stupet.</span> <span class='ocrx_word' id='word_1_194' title='bbox 1572 1417 1710 1465; x_wconf 89' lang='lat' dir='ltr'>Mars</span> <span class='ocrx_word' id='word_1_195' title='bbox 1718 1414 1817 1479; x_wconf 90' lang='lat' dir='ltr'>ipse</span> <span class='ocrx_word' id='word_1_196' title='bbox 1837 1425 2093 1463; x_wconf 87' lang='lat' dir='ltr'>armatum</span> 
     </span>
     <span class='ocr_line' id='line_1_22' title="bbox 323 1473 2106 1529; baseline 0.002 -4"><span class='ocrx_word' id='word_1_197' title='bbox 323 1476 568 1526; x_wconf 87' lang='lat' dir='ltr'>formidat</span> <span class='ocrx_word' id='word_1_198' title='bbox 586 1476 815 1529; x_wconf 86' lang='lat' dir='ltr'>oculum,</span> <span class='ocrx_word' id='word_1_199' title='bbox 838 1491 958 1525; x_wconf 88' lang='lat' dir='ltr'>nam</span> <span class='ocrx_word' id='word_1_200' title='bbox 978 1477 1182 1526; x_wconf 85' lang='lat' dir='ltr'>technas</span> <span class='ocrx_word' id='word_1_201' title='bbox 1202 1481 1255 1527; x_wconf 90' lang='lat' dir='ltr'>in</span> <span class='ocrx_word' id='word_1_202' title='bbox 1276 1478 1507 1528; x_wconf 89' lang='lat' dir='ltr'>umbone</span> <span class='ocrx_word' id='word_1_203' title='bbox 1529 1479 1613 1527; x_wconf 90' lang='lat' dir='ltr'>scit</span> <span class='ocrx_word' id='word_1_204' title='bbox 1637 1479 1945 1527; x_wconf 80' lang='lat' dir='ltr'>observatas:</span> <span class='ocrx_word' id='word_1_205' title='bbox 1973 1473 2106 1528; x_wconf 71' lang='lat' dir='ltr'>imo·</span> 
     </span>
    </p>
   </div>
   <div class='ocr_carea' id='block_1_11' title="bbox 328 1537 2163 1604">
    <p class='ocr_par' dir='ltr' id='par_1_12' title="bbox 328 1537 2163 1604">
     <span class='ocr_line' id='line_1_23' title="bbox 328 1537 2163 1604; baseline 0 -17"><span class='ocrx_word' id='word_1_206' title='bbox 328 1554 424 1588; x_wconf 91' lang='lat' dir='ltr'>nec</span> <span class='ocrx_word' id='word_1_207' title='bbox 449 1551 611 1588; x_wconf 88' lang='lat' dir='ltr'>tutam</span> <span class='ocrx_word' id='word_1_208' title='bbox 631 1537 843 1604; x_wconf 73' lang='lat' dir='ltr'>amplius</span> <span class='ocrx_word' id='word_1_209' title='bbox 871 1541 1016 1588; x_wconf 89' lang='lat' dir='ltr'>novit</span> <span class='ocrx_word' id='word_1_210' title='bbox 1037 1541 1459 1596; x_wconf 69' lang='lat' dir='ltr'>comunetionem</span> <span class='ocrx_word' id='word_1_211' title='bbox 1491 1557 1612 1591; x_wconf 88' lang='lat' dir='ltr'>eum</span> <span class='ocrx_word' id='word_1_212' title='bbox 1631 1542 1859 1595; x_wconf 71' lang='lat' dir='ltr'>Venere,</span> <span class='ocrx_word' id='word_1_213' title='bbox 1883 1538 1970 1588; x_wconf 82' lang='lat' dir='ltr'>nisi</span> <span class='ocrx_word' id='word_1_214' title='bbox 1999 1540 2104 1587; x_wconf 43' lang='lat' dir='ltr'>item</span> <span class='ocrx_word' id='word_1_215' title='bbox 2161 1556 2163 1595; x_wconf 71' lang='lat'>2</span> 
     </span>
    </p>
   </div>
   <div class='ocr_carea' id='block_1_12' title="bbox 323 1602 2165 2549">
    <p class='ocr_par' dir='ltr' id='par_1_13' title="bbox 323 1602 2165 2549">
     <span class='ocr_line' id='line_1_24' title="bbox 324 1602 2084 1666; baseline -0.001 -14"><span class='ocrx_word' id='word_1_216' title='bbox 324 1605 439 1652; x_wconf 85' lang='lat' dir='ltr'>ratis</span> <span class='ocrx_word' id='word_1_217' title='bbox 467 1603 712 1659; x_wconf 70' lang='lat' dir='ltr'>ludibriis,</span> <span class='ocrx_word' id='word_1_218' title='bbox 741 1617 828 1666; x_wconf 87' lang='lat' dir='ltr'>per</span> <span class='ocrx_word' id='word_1_219' title='bbox 863 1602 991 1666; x_wconf 88' lang='lat' dir='ltr'>ipsos</span> <span class='ocrx_word' id='word_1_220' title='bbox 1019 1602 1256 1652; x_wconf 90' lang='lat' dir='ltr'>homines</span> <span class='ocrx_word' id='word_1_221' title='bbox 1277 1637 1289 1658; x_wconf 94' lang='lat'>,</span> <span class='ocrx_word' id='word_1_222' title='bbox 1322 1605 1442 1655; x_wconf 86' lang='lat' dir='ltr'>velit</span> <span class='ocrx_word' id='word_1_223' title='bbox 1467 1604 1720 1654; x_wconf 83' lang='lat' dir='ltr'>exfibilari.</span> <span class='ocrx_word' id='word_1_224' title='bbox 1801 1604 2084 1654; x_wconf 87' lang='lat' dir='ltr'>Mercurius</span> 
     </span>
     <span class='ocr_line' id='line_1_25' title="bbox 324 1664 2102 1730; baseline -0.001 -16"><span class='ocrx_word' id='word_1_225' title='bbox 324 1679 535 1728; x_wconf 90' lang='lat' dir='ltr'>quoque</span> <span class='ocrx_word' id='word_1_226' title='bbox 554 1665 655 1722; x_wconf 89' lang='lat' dir='ltr'>jam</span> <span class='ocrx_word' id='word_1_227' title='bbox 672 1664 799 1729; x_wconf 85' lang='lat' dir='ltr'>fugit</span> <span class='ocrx_word' id='word_1_228' title='bbox 816 1665 985 1715; x_wconf 88' lang='lat' dir='ltr'>lucem</span> <span class='ocrx_word' id='word_1_229' title='bbox 1001 1698 1014 1719; x_wconf 91' lang='lat'>,</span> <span class='ocrx_word' id='word_1_230' title='bbox 1036 1668 1086 1716; x_wconf 87' lang='lat'>&amp;</span> <span class='ocrx_word' id='word_1_231' title='bbox 1110 1668 1162 1715; x_wconf 88' lang='lat' dir='ltr'>in</span> <span class='ocrx_word' id='word_1_232' title='bbox 1183 1666 1459 1716; x_wconf 89' lang='lat' dir='ltr'>hominum</span> <span class='ocrx_word' id='word_1_233' title='bbox 1483 1666 1753 1730; x_wconf 62' lang='lat' dir='ltr'>conspeetu</span> <span class='ocrx_word' id='word_1_234' title='bbox 1780 1681 1917 1715; x_wconf 89' lang='lat' dir='ltr'>rarus</span> <span class='ocrx_word' id='word_1_235' title='bbox 1945 1668 2102 1725; x_wconf 12' lang='lat' dir='ltr'>com-7,</span> 
     </span>
     <span class='ocr_line' id='line_1_26' title="bbox 325 1726 2162 1795; baseline 0.001 -20"><span class='ocrx_word' id='word_1_236' title='bbox 325 1739 492 1793; x_wconf 89' lang='lat' dir='ltr'>paret,</span> <span class='ocrx_word' id='word_1_237' title='bbox 516 1727 603 1776; x_wconf 91' lang='lat' dir='ltr'>scit</span> <span class='ocrx_word' id='word_1_238' title='bbox 636 1743 759 1778; x_wconf 88' lang='lat' dir='ltr'>nem</span> <span class='ocrx_word' id='word_1_239' title='bbox 797 1743 824 1776; x_wconf 90' lang='lat' dir='ltr'>e</span> <span class='ocrx_word' id='word_1_240' title='bbox 846 1728 959 1777; x_wconf 90' lang='lat' dir='ltr'>suos</span> <span class='ocrx_word' id='word_1_241' title='bbox 986 1726 1245 1778; x_wconf 75' lang='lat' dir='ltr'>clarissime</span> <span class='ocrx_word' id='word_1_242' title='bbox 1280 1730 1566 1795; x_wconf 88' lang='lat' dir='ltr'>exploratos</span> <span class='ocrx_word' id='word_1_243' title='bbox 1596 1743 1814 1778; x_wconf 87' lang='lat' dir='ltr'>errores:</span> <span class='ocrx_word' id='word_1_244' title='bbox 1850 1743 1946 1776; x_wconf 90' lang='lat' dir='ltr'>nec</span> <span class='ocrx_word' id='word_1_245' title='bbox 1973 1740 2081 1777; x_wconf 80' lang='lat' dir='ltr'>tuta</span> <span class='ocrx_word' id='word_1_246' title='bbox 2160 1747 2162 1782; x_wconf 65' lang='lat'>{</span> 
     </span>
     <span class='ocr_line' id='line_1_27' title="bbox 324 1788 2161 1856; baseline -0.001 -16"><span class='ocrx_word' id='word_1_247' title='bbox 324 1792 471 1840; x_wconf 89' lang='lat' dir='ltr'>novit</span> <span class='ocrx_word' id='word_1_248' title='bbox 489 1790 590 1847; x_wconf 87' lang='lat' dir='ltr'>jam</span> <span class='ocrx_word' id='word_1_249' title='bbox 618 1788 714 1840; x_wconf 80' lang='lat' dir='ltr'>effe</span> <span class='ocrx_word' id='word_1_250' title='bbox 760 1802 892 1846; x_wconf 87' lang='lat' dir='ltr'>urta,</span> <span class='ocrx_word' id='word_1_251' title='bbox 916 1791 1003 1840; x_wconf 89' lang='lat' dir='ltr'>ubi</span> <span class='ocrx_word' id='word_1_252' title='bbox 1027 1794 1079 1840; x_wconf 87' lang='lat' dir='ltr'>in</span> <span class='ocrx_word' id='word_1_253' title='bbox 1105 1791 1308 1856; x_wconf 88' lang='lat' dir='ltr'>speculo</span> <span class='ocrx_word' id='word_1_254' title='bbox 1338 1793 1513 1842; x_wconf 57' lang='lat' dir='ltr'>nostes</span> <span class='ocrx_word' id='word_1_255' title='bbox 1547 1792 1758 1842; x_wconf 87' lang='lat' dir='ltr'>excubat</span> <span class='ocrx_word' id='word_1_256' title='bbox 1786 1791 1993 1844; x_wconf 82' lang='lat' dir='ltr'>oculus,</span> <span class='ocrx_word' id='word_1_257' title='bbox 2015 1789 2102 1841; x_wconf 82' lang='lat' dir='ltr'>sat.</span> <span class='ocrx_word' id='word_1_258' title='bbox 2159 1818 2161 1855; x_wconf 64' lang='lat'>1</span> 
     </span>
     <span class='ocr_line' id='line_1_28' title="bbox 324 1853 2161 1920; baseline -0.001 -17"><span class='ocrx_word' id='word_1_259' title='bbox 324 1853 581 1908; x_wconf 88' lang='lat' dir='ltr'>oculatus,</span> <span class='ocrx_word' id='word_1_260' title='bbox 603 1855 720 1917; x_wconf 87' lang='lat' dir='ltr'>quia</span> <span class='ocrx_word' id='word_1_261' title='bbox 749 1856 959 1906; x_wconf 83' lang='lat' dir='ltr'>vitreus;</span> <span class='ocrx_word' id='word_1_262' title='bbox 989 1854 1056 1904; x_wconf 89' lang='lat' dir='ltr'>sat</span> <span class='ocrx_word' id='word_1_263' title='bbox 1089 1856 1232 1920; x_wconf 85' lang='lat' dir='ltr'>vigil,</span> <span class='ocrx_word' id='word_1_264' title='bbox 1259 1857 1375 1919; x_wconf 88' lang='lat' dir='ltr'>quia</span> <span class='ocrx_word' id='word_1_265' title='bbox 1411 1854 1576 1920; x_wconf 76' lang='lat' dir='ltr'>potius</span> <span class='ocrx_word' id='word_1_266' title='bbox 1602 1858 1654 1904; x_wconf 92' lang='lat' dir='ltr'>in</span> <span class='ocrx_word' id='word_1_267' title='bbox 1677 1855 1825 1918; x_wconf 77' lang='lat' dir='ltr'>Argo</span> <span class='ocrx_word' id='word_1_268' title='bbox 1847 1865 2099 1908; x_wconf 78' lang='lat' dir='ltr'>centum,</span> <span class='ocrx_word' id='word_1_269' title='bbox 2158 1881 2161 1917; x_wconf 73' lang='lat'><em>3</em></span> 
     </span>
     <span class='ocr_line' id='line_1_29' title="bbox 324 1915 2165 1983; baseline 0.001 -18"><span class='ocrx_word' id='word_1_270' title='bbox 324 1915 482 1979; x_wconf 72' lang='lat' dir='ltr'>quam</span> <span class='ocrx_word' id='word_1_271' title='bbox 501 1916 583 1966; x_wconf 89' lang='lat' dir='ltr'>hie</span> <span class='ocrx_word' id='word_1_272' title='bbox 607 1918 780 1967; x_wconf 88' lang='lat' dir='ltr'>unicus</span> <span class='ocrx_word' id='word_1_273' title='bbox 802 1916 1060 1982; x_wconf 87' lang='lat' dir='ltr'>sopiretur.</span> <span class='ocrx_word' id='word_1_274' title='bbox 1138 1920 1251 1969; x_wconf 94' lang='lat' dir='ltr'>Nec</span> <span class='ocrx_word' id='word_1_275' title='bbox 1272 1919 1558 1983; x_wconf 88' lang='lat' dir='ltr'>splendente</span> <span class='ocrx_word' id='word_1_276' title='bbox 1589 1919 1711 1968; x_wconf 91' lang='lat' dir='ltr'>fuco</span> <span class='ocrx_word' id='word_1_277' title='bbox 1726 1950 1740 1972; x_wconf 86' lang='lat'>‚</span> <span class='ocrx_word' id='word_1_278' title='bbox 1762 1917 1829 1966; x_wconf 74' lang='lat' dir='ltr'>lat</span> <span class='ocrx_word' id='word_1_279' title='bbox 1847 1918 1967 1981; x_wconf 84' lang='lat' dir='ltr'>tegit</span> <span class='ocrx_word' id='word_1_280' title='bbox 1989 1932 2085 1966; x_wconf 85' lang='lat' dir='ltr'>nae-</span> <span class='ocrx_word' id='word_1_281' title='bbox 2158 1948 2165 1976; x_wconf 36' lang='grc' dir='ltr'><strong><em>μ</em></strong></span> 
     </span>
     <span class='ocr_line' id='line_1_30' title="bbox 326 1978 2160 2044; baseline 0.001 -17"><span class='ocrx_word' id='word_1_282' title='bbox 326 1994 419 2028; x_wconf 89' lang='lat' dir='ltr'>vos</span> <span class='ocrx_word' id='word_1_283' title='bbox 445 1979 626 2044; x_wconf 88' lang='lat' dir='ltr'>pallida</span> <span class='ocrx_word' id='word_1_284' title='bbox 653 1979 900 2044; x_wconf 87' lang='lat' dir='ltr'>Cynthia:</span> <span class='ocrx_word' id='word_1_285' title='bbox 955 1996 1049 2030; x_wconf 91' lang='lat' dir='ltr'>nec</span> <span class='ocrx_word' id='word_1_286' title='bbox 1082 1980 1456 2031; x_wconf 85' lang='lat' dir='ltr'>scintillantibus</span> <span class='ocrx_word' id='word_1_287' title='bbox 1483 1982 1627 2038; x_wconf 87' lang='lat' dir='ltr'>radiis</span> <span class='ocrx_word' id='word_1_288' title='bbox 1659 1978 1726 2029; x_wconf 88' lang='lat' dir='ltr'>sat</span> <span class='ocrx_word' id='word_1_289' title='bbox 1756 1995 1950 2030; x_wconf 87' lang='lat' dir='ltr'>cornua</span> <span class='ocrx_word' id='word_1_290' title='bbox 1980 1979 2081 2036; x_wconf 79' lang='lat' dir='ltr'>iam</span> <span class='ocrx_word' id='word_1_291' title='bbox 2159 1992 2160 1998; x_wconf 56' lang='lat'>¹</span> 
     </span>
     <span class='ocr_line' id='line_1_31' title="bbox 325 2041 2160 2109; baseline 0.003 -19"><span class='ocrx_word' id='word_1_292' title='bbox 325 2043 550 2091; x_wconf 86' lang='lat' dir='ltr'>occultat</span> <span class='ocrx_word' id='word_1_293' title='bbox 570 2042 772 2107; x_wconf 87' lang='lat' dir='ltr'>gipposa</span> <span class='ocrx_word' id='word_1_294' title='bbox 794 2043 986 2093; x_wconf 90' lang='lat' dir='ltr'>Venus.</span> <span class='ocrx_word' id='word_1_295' title='bbox 1088 2043 1309 2093; x_wconf 85' lang='lat' dir='ltr'>Phoebus</span> <span class='ocrx_word' id='word_1_296' title='bbox 1331 2042 1429 2109; x_wconf 90' lang='lat' dir='ltr'>ipse</span> <span class='ocrx_word' id='word_1_297' title='bbox 1458 2057 1538 2094; x_wconf 93' lang='lat' dir='ltr'>tot</span> <span class='ocrx_word' id='word_1_298' title='bbox 1559 2044 1740 2093; x_wconf 86' lang='lat' dir='ltr'>saeculis</span> <span class='ocrx_word' id='word_1_299' title='bbox 1761 2058 1872 2093; x_wconf 89' lang='lat' dir='ltr'>non</span> <span class='ocrx_word' id='word_1_300' title='bbox 1897 2055 2006 2092; x_wconf 86' lang='lat' dir='ltr'>tam</span> <span class='ocrx_word' id='word_1_301' title='bbox 2027 2043 2082 2091; x_wconf 93' lang='lat' dir='ltr'>il-</span> <span class='ocrx_word' id='word_1_302' title='bbox 2158 2041 2160 2096; x_wconf 67' lang='grc' dir='ltr'><em>ξ</em></span> 
     </span>
     <span class='ocr_line' id='line_1_32' title="bbox 323 2102 2159 2171; baseline 0 -18"><span class='ocrx_word' id='word_1_303' title='bbox 323 2102 511 2158; x_wconf 78' lang='lat' dir='ltr'>luxisse,</span> <span class='ocrx_word' id='word_1_304' title='bbox 537 2104 695 2167; x_wconf 76' lang='lat' dir='ltr'>quam</span> <span class='ocrx_word' id='word_1_305' title='bbox 719 2105 908 2156; x_wconf 72' lang='lat' dir='ltr'>illusisse</span> <span class='ocrx_word' id='word_1_306' title='bbox 919 2106 1125 2157; x_wconf 88' lang='lat' dir='ltr'>Mundo</span> <span class='ocrx_word' id='word_1_307' title='bbox 1153 2109 1489 2162; x_wconf 89' lang='lat' dir='ltr'>convincitur,</span> <span class='ocrx_word' id='word_1_308' title='bbox 1513 2107 1640 2157; x_wconf 90' lang='lat' dir='ltr'>dum</span> <span class='ocrx_word' id='word_1_309' title='bbox 1657 2122 1814 2157; x_wconf 90' lang='lat' dir='ltr'>aureo</span> <span class='ocrx_word' id='word_1_310' title='bbox 1842 2104 2090 2171; x_wconf 63' lang='lat' dir='ltr'>purpuris.</span> <span class='ocrx_word' id='word_1_311' title='bbox 2157 2158 2159 2171; x_wconf 41' lang='lat'><strong>⁴</strong></span> 
     </span>
     <span class='ocr_line' id='line_1_33' title="bbox 324 2165 2159 2235; baseline 0.001 -19"><span class='ocrx_word' id='word_1_312' title='bbox 324 2166 380 2216; x_wconf 94' lang='lat' dir='ltr'>so</span> <span class='ocrx_word' id='word_1_313' title='bbox 402 2165 466 2216; x_wconf 81' lang='lat' dir='ltr'>sic</span> <span class='ocrx_word' id='word_1_314' title='bbox 485 2169 658 2231; x_wconf 90' lang='lat' dir='ltr'>nequit</span> <span class='ocrx_word' id='word_1_315' title='bbox 679 2168 780 2225; x_wconf 89' lang='lat' dir='ltr'>jam</span> <span class='ocrx_word' id='word_1_316' title='bbox 801 2170 1021 2219; x_wconf 76' lang='lat' dir='ltr'>maculas</span> <span class='ocrx_word' id='word_1_317' title='bbox 1044 2182 1208 2234; x_wconf 86' lang='lat' dir='ltr'>tegere</span> <span class='ocrx_word' id='word_1_318' title='bbox 1222 2202 1236 2224; x_wconf 90' lang='lat'>,</span> <span class='ocrx_word' id='word_1_319' title='bbox 1257 2184 1323 2218; x_wconf 89' lang='lat' dir='ltr'>ne</span> <span class='ocrx_word' id='word_1_320' title='bbox 1359 2171 1655 2235; x_wconf 84' lang='lat' dir='ltr'>detegantur</span> <span class='ocrx_word' id='word_1_321' title='bbox 1668 2203 1683 2225; x_wconf 91' lang='lat'>,</span> <span class='ocrx_word' id='word_1_322' title='bbox 1702 2183 1969 2232; x_wconf 89' lang='lat' dir='ltr'>nunquam</span> <span class='ocrx_word' id='word_1_323' title='bbox 1988 2168 2084 2217; x_wconf 90' lang='lat' dir='ltr'>cla·</span> <span class='ocrx_word' id='word_1_324' title='bbox 2155 2176 2159 2234; x_wconf 59' lang='lat' dir='ltr'>,l</span> 
     </span>
     <span class='ocr_line' id='line_1_34' title="bbox 325 2227 2082 2299; baseline 0.001 -20"><span class='ocrx_word' id='word_1_325' title='bbox 325 2227 429 2280; x_wconf 80' lang='lat' dir='ltr'>rior</span> <span class='ocrx_word' id='word_1_326' title='bbox 447 2230 646 2278; x_wconf 89' lang='lat' dir='ltr'>mundo</span> <span class='ocrx_word' id='word_1_327' title='bbox 670 2229 794 2280; x_wconf 91' lang='lat' dir='ltr'>visus</span> <span class='ocrx_word' id='word_1_328' title='bbox 809 2264 823 2285; x_wconf 85' lang='lat'>‚</span> <span class='ocrx_word' id='word_1_329' title='bbox 843 2231 1000 2295; x_wconf 75' lang='lat' dir='ltr'>quam</span> <span class='ocrx_word' id='word_1_330' title='bbox 1028 2234 1079 2282; x_wconf 90' lang='lat' dir='ltr'>in</span> <span class='ocrx_word' id='word_1_331' title='bbox 1103 2233 1336 2287; x_wconf 88' lang='lat' dir='ltr'>maculis,</span> <span class='ocrx_word' id='word_1_332' title='bbox 1364 2249 1630 2297; x_wconf 88' lang='lat' dir='ltr'>nunquam</span> <span class='ocrx_word' id='word_1_333' title='bbox 1652 2230 1811 2299; x_wconf 83' lang='lat' dir='ltr'>magis</span> <span class='ocrx_word' id='word_1_334' title='bbox 1832 2232 2082 2281; x_wconf 86' lang='lat' dir='ltr'>illumina·</span> 
     </span>
     <span class='ocr_line' id='line_1_35' title="bbox 325 2291 2157 2360; baseline 0 -18"><span class='ocrx_word' id='word_1_335' title='bbox 325 2304 432 2346; x_wconf 86' lang='lat' dir='ltr'>tus,</span> <span class='ocrx_word' id='word_1_336' title='bbox 452 2291 609 2356; x_wconf 75' lang='lat' dir='ltr'>quam</span> <span class='ocrx_word' id='word_1_337' title='bbox 629 2291 715 2342; x_wconf 93' lang='lat' dir='ltr'>ubi</span> <span class='ocrx_word' id='word_1_338' title='bbox 740 2294 1064 2359; x_wconf 87' lang='lat' dir='ltr'>telescopium</span> <span class='ocrx_word' id='word_1_339' title='bbox 1088 2294 1372 2360; x_wconf 89' lang='lat' dir='ltr'>splendores</span> <span class='ocrx_word' id='word_1_340' title='bbox 1402 2298 1591 2346; x_wconf 89' lang='lat' dir='ltr'>nimios</span> <span class='ocrx_word' id='word_1_341' title='bbox 1621 2311 1730 2345; x_wconf 91' lang='lat' dir='ltr'>non</span> <span class='ocrx_word' id='word_1_342' title='bbox 1761 2294 1884 2344; x_wconf 91' lang='lat' dir='ltr'>nihil</span> <span class='ocrx_word' id='word_1_343' title='bbox 1908 2294 2082 2358; x_wconf 86' lang='lat' dir='ltr'>fregit,</span> <span class='ocrx_word' id='word_1_344' title='bbox 2155 2295 2157 2354; x_wconf 65' lang='grc' dir='ltr'>ξ</span> 
     </span>
     <span class='ocr_line' id='line_1_36' title="bbox 326 2355 2157 2421; baseline 0 -15"><span class='ocrx_word' id='word_1_345' title='bbox 326 2357 380 2406; x_wconf 83' lang='grc' dir='ltr'>δ(</span> <span class='ocrx_word' id='word_1_346' title='bbox 409 2355 705 2405; x_wconf 87' lang='lat' dir='ltr'>obscuravit.</span> <span class='ocrx_word' id='word_1_347' title='bbox 789 2356 928 2421; x_wconf 80' lang='lat' dir='ltr'>Quid</span> <span class='ocrx_word' id='word_1_348' title='bbox 946 2359 1145 2408; x_wconf 80' lang='lat' dir='ltr'>multis?</span> <span class='ocrx_word' id='word_1_349' title='bbox 1188 2359 1398 2408; x_wconf 89' lang='lat' dir='ltr'>oculum</span> <span class='ocrx_word' id='word_1_350' title='bbox 1421 2361 1659 2409; x_wconf 88' lang='lat' dir='ltr'>Deorum</span> <span class='ocrx_word' id='word_1_351' title='bbox 1684 2357 1928 2407; x_wconf 90' lang='lat' dir='ltr'>arbitrum</span> <span class='ocrx_word' id='word_1_352' title='bbox 1959 2357 2080 2406; x_wconf 87' lang='lat' dir='ltr'>facit</span> <span class='ocrx_word' id='word_1_353' title='bbox 2118 2370 2121 2373; x_wconf 88' lang='grc'><strong>’</strong></span> <span class='ocrx_word' id='word_1_354' title='bbox 2154 2396 2157 2416; x_wconf 74' lang='grc'><strong>,</strong></span> 
     </span>
     <span class='ocr_line' id='line_1_37' title="bbox 326 2413 2156 2486; baseline 0.003 -21"><span class='ocrx_word' id='word_1_355' title='bbox 326 2417 434 2468; x_wconf 86' lang='lat' dir='ltr'>haee</span> <span class='ocrx_word' id='word_1_356' title='bbox 454 2416 707 2467; x_wconf 80' lang='lat' dir='ltr'>machina:</span> <span class='ocrx_word' id='word_1_357' title='bbox 750 2413 983 2468; x_wconf 88' lang='lat' dir='ltr'>stationes</span> <span class='ocrx_word' id='word_1_358' title='bbox 1003 2418 1197 2477; x_wconf 89' lang='lat' dir='ltr'>lustrat,</span> <span class='ocrx_word' id='word_1_359' title='bbox 1216 2422 1597 2479; x_wconf 67' lang='lat' dir='ltr'>conjunctiones</span> <span class='ocrx_word' id='word_1_360' title='bbox 1632 2420 1887 2474; x_wconf 88' lang='lat' dir='ltr'>observat,</span> <span class='ocrx_word' id='word_1_361' title='bbox 1912 2420 2082 2486; x_wconf 88' lang='lat' dir='ltr'>explo-</span> <span class='ocrx_word' id='word_1_362' title='bbox 2154 2433 2156 2439; x_wconf 92' lang='grc'><strong><em>·</em></strong></span> 
     </span>
     <span class='ocr_line' id='line_1_38' title="bbox 328 2479 2157 2549; baseline -0.001 -18"><span class='ocrx_word' id='word_1_363' title='bbox 328 2493 404 2531; x_wconf 79' lang='lat' dir='ltr'>tat</span> <span class='ocrx_word' id='word_1_364' title='bbox 427 2479 635 2530; x_wconf 79' lang='lat' dir='ltr'>dissidia:</span> <span class='ocrx_word' id='word_1_365' title='bbox 678 2482 997 2545; x_wconf 87' lang='lat' dir='ltr'>retrogrados</span> <span class='ocrx_word' id='word_1_366' title='bbox 1022 2482 1202 2549; x_wconf 78' lang='lat' dir='ltr'>signat,</span> <span class='ocrx_word' id='word_1_367' title='bbox 1230 2498 1374 2535; x_wconf 93' lang='lat' dir='ltr'>notat</span> <span class='ocrx_word' id='word_1_368' title='bbox 1404 2485 1649 2537; x_wconf 89' lang='lat' dir='ltr'>absentes,</span> <span class='ocrx_word' id='word_1_369' title='bbox 1673 2486 1929 2534; x_wconf 88' lang='lat' dir='ltr'>venientes</span> <span class='ocrx_word' id='word_1_370' title='bbox 1959 2498 2081 2548; x_wconf 88' lang='lat' dir='ltr'>prae-</span> <span class='ocrx_word' id='word_1_371' title='bbox 2153 2491 2157 2528; x_wconf 65' lang='grc' dir='ltr'><strong>τ</strong></span> 
     </span>
    </p>
   </div>
   <div class='ocr_carea' id='block_1_13' title="bbox 329 2539 2155 2659">
    <p class='ocr_par' dir='ltr' id='par_1_14' title="bbox 329 2539 2155 2659">
     <span class='ocr_line' id='line_1_39' title="bbox 329 2539 2155 2659; baseline 0.001 -61"><span class='ocrx_word' id='word_1_372' title='bbox 329 2554 564 2611; x_wconf 86' lang='lat' dir='ltr'>occupat.</span> <span class='ocrx_word' id='word_1_373' title='bbox 596 2542 831 2613; x_wconf 78' lang='lat' dir='ltr'>stupesce</span> <span class='ocrx_word' id='word_1_374' title='bbox 851 2543 1268 2617; x_wconf 77' lang='lat' dir='ltr'>Antiquitas‚p1ns</span> <span class='ocrx_word' id='word_1_375' title='bbox 1291 2550 1469 2604; x_wconf 83' lang='lat' dir='ltr'>oculus</span> <span class='ocrx_word' id='word_1_376' title='bbox 1489 2549 1591 2608; x_wconf 80' lang='lat' dir='ltr'>jam</span> <span class='ocrx_word' id='word_1_377' title='bbox 1605 2547 1692 2602; x_wconf 82' lang='lat' dir='ltr'>scit</span> <span class='ocrx_word' id='word_1_378' title='bbox 1713 2547 1776 2601; x_wconf 86' lang='lat' dir='ltr'>de</span> <span class='ocrx_word' id='word_1_379' title='bbox 1788 2547 1914 2609; x_wconf 77' lang='lat' dir='ltr'>Diis,</span> <span class='ocrx_word' id='word_1_380' title='bbox 1925 2543 2083 2659; x_wconf 39' lang='lat' dir='ltr'>{gam</span> <span class='ocrx_word' id='word_1_381' title='bbox 2152 2539 2155 2607; x_wconf 69' lang='lat' dir='ltr'><em>f</em></span> 
     </span>
    </p>
   </div>
   <div class='ocr_carea' id='block_1_14' title="bbox 2149 1973 2174 2821">
    <p class='ocr_par' dir='ltr' id='par_1_15' title="bbox 2149 1973 2174 2821">
     <span class='ocr_line' id='line_1_40' title="bbox 2149 1973 2174 2821; baseline 0 0"><span class='ocrx_word' id='word_1_382' title='bbox 2149 1973 2174 2821; x_wconf 95' lang='lat' dir='ltr'> </span> 
     </span>
    </p>
   </div>
  </div>
 </body>
</html>
