2175 2911
411 122 501 176 184
1009 111 1190 176 Oedipus
1221 108 1432 177 Phyfictts.

342 212 540 261 bantur.
607 205 725 258 Im&
750 204 938 257 eodem
959 207 1196 258 Authore
1215 239 1230 262 ,
1258 208 1529 271 Gigantem
1555 202 1820 256 inventum
1851 203 2088 270 legimus,

342 274 481 331 cujus
505 287 688 337 eorpus
709 271 934 321 ducentis
952 271 1126 320 cubitis
1148 274 1227 321 vix
1255 270 1386 319 bene
1409 281 1607 334 poterat
1635 269 1789 333 redigi
1819 271 1870 318 in
1899 271 2093 319 mensu-

91 336 155 390 m
169 346 207 394 ς.
230 334 280 381 de
345 353 472 389 ram.
542 337 781 399 Denique
799 335 1121 399 Hipponense
1142 334 1410 382 oraculum
1429 332 1566 381 nefas
1588 331 1672 381 hie
1690 335 1948 395 praeterite.
2000 333 2092 383 Vi·
2173 331 2175 387 j

93 406 282 459 Civ.c.9.
346 403 395 450 di
411 435 424 454 ‚
468 402 629 464 inquit
646 429 660 449 ‚
698 414 806 446 non
824 398 920 462 ipsc
947 398 1100 452 solus,
1138 397 1220 446 sed
1243 396 1318 453 alii
1349 410 1584 448 mecum,
1621 398 1671 444 in
1691 398 1858 444 littore
1880 395 2095 447 Uticensi
2173 396 2175 445 ἐ

347 465 598 514 molarem
611 463 830 512 hominis
854 462 1058 510 dentem
1078 495 1091 514 ‚
1118 474 1224 508 tam
1235 456 1378 507 vastae
1403 460 1550 507 molis
1577 491 1591 512 ,
1619 471 1674 507 ut
1694 475 1751 506 ex
1782 459 1871 507 illo
1891 472 2095 509 centum
2172 489 2174 515 ,

347 530 472 578 alios
493 560 505 581 ,
527 524 703 576 nostris
727 526 937 588 aequales
951 557 963 578 ,
985 540 1091 573 non
1108 522 1371 573 difficulter
1387 522 1581 571 Artifex
1593 522 1854 570 excidiffet.
1925 523 1962 570 E
1986 523 2094 584 -qui-

348 592 440 640 bus
456 624 470 645 ‚
490 607 605 639 reor
618 623 631 642 ‚
656 590 809 638 cuivis
823 587 1131 653 Philosopho
1144 587 1208 636 sat
1226 582 1549 634 manifestum
1565 619 1577 637 ,
1596 587 1873 649 Gigantum
1894 584 2095 649 genefin

99 672 254 726 Pinea·
349 655 439 704 soli
459 654 674 705 Nasonis
691 652 964 702 adscribere
989 651 1228 704 cerebro,
1258 650 1337 698 vel
1359 648 1525 708 infignis
1543 648 1638 697 effe
1657 649 1854 700 stultitiae
1873 682 1888 700 ,
1914 648 1994 697 vel
2015 650 2095 694 im-

102 738 192 788 ΒΕΖ
211 736 314 782 Κίρ,
344 719 543 780 pudentis
556 719 807 777 proterviae,
829 716 884 765 ut
907 727 1087 764 notant
1108 709 1316 764 minime
1343 713 1566 777 vulgares
1586 710 1764 777 sophi.

479 781 676 832 LEUC:
745 780 812 831 Ut
836 780 987 829 video
1015 811 1031 832 ,
1080 779 1231 826 etiam
1258 774 1377 824 cum
1414 788 1588 841 peccat
1609 778 1802 825 Natura
1825 808 1838 830 ‚
1884 772 1932 823 se
1952 775 2098 825 nobis

349 845 534 911 ptaebet
560 843 838 893 mirabilem
859 860 870 890 ε
922 844 973 891 in
996 857 1060 890 eo
1083 844 1254 903 utique
1273 839 1387 887 felix
1408 871 1423 892 ‚
1457 837 1600 901 qubd
1625 834 1849 887 monstra
1871 838 1996 887 illius
2019 838 2102 888 ad-

351 911 594 958 miremur
610 902 882 954 monstrata
903 938 915 959 ,
930 906 1126 970 &ipsos
1147 907 1196 952 in
1254 905 1380 950 retio
1400 916 1726 950 numeremus
1746 902 1968 950 abortus.
1997 904 2103 967 Ap-

388 983 491 1019 arct
512 970 680 1018 hocin
699 971 966 1032 Pygmaeis‚
1002 982 1131 1028 quos
1155 920 1291 1015 vefut
1311 981 1417 1013 rara
1437 965 1631 1012 cimelia
1656 965 2099 1013 enutriuntAulae:
2162 979 2166 1010 l

104 1025 319 1081 Del‚Ri⁰·
353 986 470 1084 Eine
495 1035 657 1081 Patres
681 1029 748 1077 est
766 1032 1016 1077 invenire,
1054 1029 1133 1074 vel
1151 1025 1372 1073 monstra
1394 1028 1662 1072 Parentum
1682 1028 1866 1087 potitis,
1879 1030 1964 1088 qui
1983 1033 2106 1082 ejus·
2162 1028 2164 1056 ἶ

104 1087 294 1149 l.2.difil·
355 1097 501 1147 modi
522 1096 727 1141 abortus
747 1106 854 1138 non
880 1087 1045 1137 modi)
1074 1089 1281 1150 cupiunt
1307 1119 1320 1138 ‚
1367 1085 1449 1133 sed
1479 1087 1859 1134 medicamentis
1893 1103 2104 1150 quoque

104 1169 148 1217 q·
167 1165 208 1211 5·
354 1171 644 1226 procurant.
744 1155 897 1199 MEL:
970 1152 1089 1199 Haec
1124 1152 1227 1198 auri
1251 1145 1321 1196 est
1345 1148 1476 1196 sacra
1495 1149 1656 1197 fames
1689 1165 1701 1196 :
1745 1153 1975 1211 quamvis
1995 1165 2104 1199 non
2160 1150 2175 1210 'j

352 1223 444 1274 soli
466 1223 720 1270 Parentes,
755 1215 836 1264 sed
853 1219 904 1265 ὃς
924 1214 1018 1278 ipsa
1038 1212 1156 1277 saepe
1178 1223 1353 1277 peccet
1375 1213 1594 1263 Natura,
1616 1211 1742 1260 dum
1763 1213 1842 1261 vel
1863 1216 2103 1268 materiae,
2157 1221 2160 1246 ³

353 1285 433 1336 vel
456 1283 646 1331 virtutis
658 1277 867 1345 plasticae
880 1276 1101 1326 defectu,
1139 1274 1383 1330 eiusmodi
1407 1275 1717 1323 Pumiliones
1738 1275 1901 1324 editin
1919 1278 2104 1331 iucem,
2156 1283 2158 1288 ’

354 1361 488 1412 quos
505 1344 605 1392 sine
628 1342 901 1408 perspicilijs
921 1343 971 1390 in
987 1340 1153 1387 lucem
1170 1338 1330 1386 editos
1350 1339 1429 1387 vix
1442 1337 1798 1403 deprehendas.
1869 1341 2107 1389 Meminit
2154 1383 2157 1399 ,

353 1406 678 1472 Nicephorus
706 1439 718 1458 ‚
755 1404 1087 1454 homunionis
1119 1401 1378 1458 cujusdam
1406 1433 1423 1452 ‚
1465 1404 1549 1464 qui
1583 1417 1743 1452 annos
1772 1414 1913 1451 natus
1936 1404 2107 1467 viginti

393 1476 606 1533 uinque,
627 1469 833 1534 perdicis
849 1466 1246 1530 magnitudinem
1259 1480 1367 1512 non
1386 1461 1634 1528 superarit.
1702 1465 1991 1515 Cubitalem
2006 1480 2109 1515 ma·
2151 1462 2155 1519 ξ

376 1536 576 1587 culum,
598 1530 820 1594 eumque
846 1531 1040 1580 senem,
1075 1524 1428 1576 Psittacicavea
1448 1527 1692 1577 inclusum
1706 1529 1829 1577 vidit
1841 1529 2109 1591 quondam

357 1599 497 1651 ltalia
517 1595 758 1645 Cardano
783 1590 919 1642 teste.
988 1590 1353 1640 Aldrovandus
1375 1590 1623 1640 Bononiae
1647 1590 1812 1641 vidiffe
1833 1594 2044 1641 Narium
2061 1592 2108 1641 se
2148 1595 2158 1652 ἴ

359 1660 519 1711 asserit
540 1692 557 1713 ‚
598 1662 684 1722 qui
713 1672 771 1717 30
795 1658 1059 1706 unciarum
1078 1654 1392 1703 altitudinem
1407 1669 1515 1702 non
1535 1654 1791 1717 superavit.
1863 1656 2010 1704 Duos
2028 1670 2110 1720 pe-

357 1724 445 1774 des
467 1725 726 1788 Pygmaeus
743 1715 991 1785 Augusti5
1026 1718 1209 1831 {edem
1233 1720 1283 1768 &
1303 1717 1434 1765 duos
1456 1718 1653 1782 palmos
1679 1715 1859 1766 statura
1887 1732 2113 1780 aequave-
2146 1722 2149 1777 j

355 1799 432 1839 rat
474 1788 650 1837 Nanus
668 1785 837 1843 Juliae,
857 1784 1032 1847 Augul
1057 1785 1069 1830 i
1097 1783 1292 1844 Neptis,
1374 1781 1594 1830 Pumilio
1624 1783 1747 1830 item
1767 1780 1914 1830 fuerit
1935 1783 2114 1830 Mene·
2145 1810 2149 1842 ἶ

359 1848 534 1900 stratus
555 1849 635 1898 ille
649 1882 663 1902 ‚
693 1850 744 1897 in
757 1862 913 1911 quem
934 1846 1189 1896 Ausonius
1206 1844 1293 1893 sub
1311 1846 1524 1894 nomine
1545 1840 1755 1895 Faustuli
1772 1844 1910 1894 hunc
1924 1845 1980 1894 in
1998 1859 2113 1896 mo-
2144 1862 2147 1911 s

361 1913 487 1964 dum
515 1913 726 1971 jocatur.
2144 1915 2145 1926 ³

585 1974 804 2029 faustulus
823 1972 998 2032 insidens
1013 1970 1220 2026 fbrmicae,
1256 1972 1307 2018 at
1323 1986 1471 2032 magno
1496 1972 1759 2032 Ele-phana,

680 2039 862 2086 Decidit
883 2040 977 2085 &a
999 2037 1079 2083 heu
1101 2037 1252 2082 cecidit
1268 2052 1349 2080 non
1369 2036 1500 2082 aliter
1526 2037 1754 2082 Phaiiton!
2140 2058 2149 2080 l

359 2100 607 2156 Philetam
628 2104 854 2154 noveris,
879 2100 942 2149 de
962 2100 1094 2148 tribu
1112 2099 1208 2147 levi
1233 2099 1563 2162 nepotulum,
1598 2101 1684 2161 qui
1703 2097 1950 2162 plumbeis
1974 2095 2114 2148 soleis

365 2167 564 2218 munire
592 2165 844 2214 calceolos
861 2164 1059 2217 debuit,
1095 2178 1158 2210 ne
1174 2158 1310 2211 forte
1331 2173 1487 2210 vento
1508 2161 1830 2226 abriperetur.
1925 2162 2116 2211 Primas

366 2241 539 2277 tamen
573 2229 623 2274 in
653 2227 978 2277 Microcosmi
1008 2225 1232 2281 subselliis
1264 2224 1350 2274 fibi
1383 2223 1566 2274 merit&
1603 2225 1871 2274 vendicant
1907 2226 2114 2274 trecenti

369 2292 463 2345 illi,
499 2293 548 2341 ὅ(
571 2289 810 2353 sexa-ginta
831 2303 1049 2353 quatuor
1068 2289 1273 2346 Duculi‚
1287 2304 1418 2351 quos
1438 2304 1575 2338 anno
1586 2288 1745 2336 salutis
1763 2289 1899 2346 1276,
1914 2287 2006 2350 ipla
2017 2287 2117 2335 Lu-

371 2370 431 2404 ce
447 2349 648 2403 Christo
672 2354 871 2417 patienti
893 2351 1025 2401 sacta
1039 2385 1051 2404 ‚
1088 2352 1406 2415 Margare-tha
1420 2388 1432 2403 ‚
1454 2353 1672 2401 Comitis
1691 2350 1971 2400 Hollandiae
1987 2347 2083 2395 filia
2096 2378 2112 2402 ,

123 2417 254 2479 Apud
373 2432 481 2466 uno
494 2411 780 2477 eodemque
799 2427 940 2478 partu
958 2417 1095 2463 enixa
1109 2415 1343 2464 scribitur.
1412 2417 1514 2465 Res
1533 2414 1690 2464 fidem
1711 2409 2112 2473 Philosophicam

123 2482 236 2530 Lud.
264 2477 339 2531 Vi-
371 2481 616 2545 superaret
637 2512 651 2535 ,
695 2476 781 2526 nili
805 2478 1000 2541 pondus
1029 2478 1233 2527 adderet
1253 2478 1350 2544 ipsa
1370 2479 1686 2540 Antiquitate
1705 2471 1983 2523 veneranda
2006 2476 2137 2522 Au·l

125 2561 218 2593 ves.
370 2543 596 2594 thoritas.
694 2540 1012 2608 Epitaphium
1033 2540 1175 2601 hujus
1197 2545 1448 2598 Matronae
1474 2536 1855 2602 historiographi
1871 2534 2110 2647 refericllntae
2129 2532 2138 2604 ζ

1903 2612 2010 2662 qUO
2128 2627 2132 2647 l

2128 2650 2131 2682 l

2127 2709 2128 2731 l
