2175 2911
81 2171 136 2218 In
149 2165 260 2223 Hzst.

81 2230 200 2283 flor.

400 116 418 148 1
431 101 489 146 66
962 100 1179 164 Speculum
1206 100 1440 166 Physicum.

330 190 597 256 Principis,
631 189 816 242 Virum
853 191 969 242 alias
1003 196 1054 241 in
1083 192 1415 259 Pythagorica
1444 190 1651 260 palestra
1687 190 1755 243 sat
1782 195 2083 260 probatum,
2144 186 2148 246 ζ

331 253 480 304 Aulae
500 255 644 309 dolo,
659 255 720 304 fic
745 258 937 320 poculis
958 257 1001 305 se
1022 257 1271 319 proluisse,
1293 271 1347 306 ut
1366 274 1510 306 mero
1528 261 1839 307 innatantem
1858 260 2081 333 linguam

328 316 381 364 in
401 316 641 381 potestate
667 320 875 383 amplius
897 336 1004 368 non
1024 320 1242 372 haberet,
1257 320 1336 368 sed
1360 320 1651 375 edissereret,
1665 322 1745 370 vel
1768 325 1987 370 maxime
2011 337 2082 371 re*-

331 381 545 429 ticenda.
646 383 946 431 Prudentior
970 387 1113 431 Zeno
1136 383 1489 447 Philosophus,
1518 384 1636 432 cum
1664 380 1775 447 post
1804 385 1971 448 epulas
2001 400 2083 433 ro-

328 457 527 506 garetur
545 444 608 493 ab
633 445 842 500 Aulicis,
859 446 978 508 quid
1002 449 1128 510 Regi
1154 446 1215 493 de
1243 462 1307 494 co
1328 446 1594 494 referrent?
1630 449 1744 493 aliud
1768 449 1898 498 nihil,
1922 447 2084 496 aiebat

331 507 459 568 quim
485 505 557 565 eff}
574 512 719 556 Senem
742 510 950 559 Athenis,
973 513 1178 570 qztiv'ncer
1201 510 1352 569 pocula
1365 509 1491 566 silere
1512 511 1647 555 [eirea.
1747 512 1862 568 Jam
1884 509 1918 558 fi
1944 523 2081 560 tanta
2148 514 2159 572 ἵ,

328 571 402 618 vis
430 572 553 619 vino
583 568 676 625 est,
698 585 751 619 ut
774 572 976 620 inducat
997 573 1237 624 laetitiam,
1259 572 1437 621 secreta
1461 572 1746 644 expiscetur,
1771 573 2080 627 affe&us,diu
2148 569 2167 630 ἶ,

328 631 656 697 multumque
684 636 817 699 vigili
847 637 1040 683 ratione
1074 636 1318 690 domitos,
1344 638 1394 684 in
1423 651 1648 699 apricum
1679 636 1950 700 producat,
1973 651 2081 685 ma—

327 696 405 753 jor
427 700 517 745 crit
535 698 1031 760 temperamento,ad
1056 697 1255 768 affechis
1271 701 1500 770 proprios
1524 699 1816 748 inclinandi:
1855 695 1924 746 est
1943 703 2081 748 enim

327 762 451 808 vino
478 763 527 810 ὃς
546 763 846 825 applicatum
870 760 1052 826 magis,
1075 765 1123 811 ὅ(
1147 778 1348 817 malorls
1373 759 1526 825 longe
1556 764 1764 812 virtutis,
1861 762 1991 811 Illud
2013 775 2079 811 ta·
2150 808 2152 826 ÷

324 838 447 871 men
471 835 519 871 te
540 826 797 873 monitum
820 827 1061 888 pervelim
1077 858 1088 877 ,
1116 840 1199 872 me
1221 825 1282 873 de
1304 824 1649 873 affcffionibus
1669 826 1837 888 loqui,
1863 827 1950 887 qui
1970 841 2080 873 non
2151 845 2161 875 ς

327 896 432 933 tam
456 888 742 938 eliciuntur,
769 887 925 950 quim]
950 886 1112 937 subito
1141 888 1426 936 elabuntur:
1463 887 1708 949 siquidem
1736 889 1896 942 astus,
1920 890 2005 950 qui
2028 890 2079 937 li-

327 948 452 996 bero
479 949 676 998 subsunt
700 952 971 999 voluntatis
991 953 1205 1015 imperio
1222 984 1234 1004 ,
1257 951 1624 1013 complexionis
1645 966 1754 998 non
1777 951 1969 1014 semper
1993 950 2081 1023 fidi

326 1011 436 1059 sunt
457 1013 833 1076 Exploratoresz
871 1014 1087 1065 videbis,
1111 1026 1166 1060 ut
1191 1011 1509 1061 effervescant
1532 1014 1684 1058 etiam
1710 1016 1872 1073 aquei,
1890 1016 2078 1076 igne1q5

323 1075 387 1122 ad
412 1076 744 1122 contumelias
770 1075 1053 1125 mitescant,
1074 1077 1137 1120 ita
1160 1086 1348 1123 tamen,
1373 1085 1427 1120 ut
1447 1073 1528 1121 vel
1552 1088 1608 1120 ex
1635 1075 1799 1122 modo
1822 1090 1931 1123 non
1953 1075 2076 1124 diffi-

323 1136 480 1184 culter
519 1138 780 1191 conjicias,
801 1139 936 1186 liram
968 1135 1288 1200 phlegmatici
1317 1135 1576 1186 adscitam,
1608 1136 1848 1186 cholerici
1881 1150 2076 1189 natura-

319 1200 439 1246 lem.
541 1200 778 1260 Denique
794 1231 807 1251 ,
831 1211 886 1246 ut
906 1196 1049 1246 filum
1074 1199 1281 1246 tandem
1316 1198 1543 1247 discursui
1569 1215 1802 1264 rumpam
1822 1234 1835 1254 ‚
1866 1202 2073 1253 affiones,

320 1260 541 1322 mortisque
571 1265 776 1322 corporis,
799 1263 915 1323 quia
950 1277 1070 1309 cum
1109 1262 1386 1316 ‘eletionibus
1412 1263 1592 1315 animi,
1627 1264 1834 1311 naturali
1875 1264 2074 1316 foedere

320 1323 932 1389 conjunsti,fiaepe1'aepius
963 1327 1258 1388 temperiem
1284 1325 1534 1388 produnt,
1556 1323 1773 1377 maxime
1803 1325 1836 1375 fi
1871 1330 2075 1377 rationis

317 1390 590 1452 imperium
618 1399 926 1452 praevertant.
1027 1388 1335 1436 Scintillabat
1357 1389 1541 1442 oculis,
1564 1388 1876 1452 genibusque
1897 1391 2075 1440 tituba-

320 1451 406 1499 bat
431 1447 716 1499 monstrum
749 1451 870 1498 illud
903 1450 1151 1503 hominis,
1185 1451 1409 1508 Julianus
1437 1451 1707 1515 Apostata‚
1739 1456 1788 1503 ὃς
1819 1454 1897 1505 vel
1926 1452 2072 1508 ideo,

321 1514 486 1562 adhuc
508 1515 713 1570 Juvcnis
728 1545 741 1565 ,
759 1526 956 1561 metum
970 1515 1098 1562 Viris
1122 1513 1291 1565 sanetis
1310 1513 1519 1569 inculsit,
1535 1513 1745 1565 minime
1765 1518 1986 1572 inanem,
2001 1515 2073 1567 uti

323 1573 753 1624 demonstraverat
777 1589 999 1637 eventus.

446 1640 642 1689 LEUC:
713 1639 919 1702 Ignosce
934 1673 946 1692 ,
968 1639 999 1688 si
1022 1638 1165 1689 filum
1186 1641 1466 1706 abrumpis,
1488 1641 1692 1691 dimittis
1713 1644 1956 1692 invitum:
2003 1644 2071 1693 di-

319 1700 506 1751 scursus
532 1702 798 1751 dulcedine
818 1700 1010 1752 irritasti
1035 1702 1554 1757 orexin,non1atiasti.
1624 1707 1795 1770 Perge,
1821 1710 1870 1756 &
1891 1722 2000 1769 quae
2018 1710 2069 1755 in

319 1781 500 1829 genere
522 1765 758 1815 haetenus
775 1799 787 1820 ,
813 1766 1115 1816 enucleatius
1137 1782 1222 1829 per
1251 1781 1411 1832 partes
1440 1769 1762 1832 prosequere:
1799 1770 2069 1825 recreabis,

318 1842 516 1878 certum
537 1842 586 1877 te
608 1829 787 1882 velim,
808 1846 917 1877 non
948 1830 1187 1893 fatigabis⁹
1258 1833 1412 1878 MEL:
1483 1829 1672 1880 Frustra
1695 1846 1767 1878 es:
1817 1833 1989 1880 malim
2020 1846 2070 1885 te

320 1892 554 1946 avidum,
577 1892 730 1955 quam
758 1892 1007 1940 satiatum:
1046 1892 1109 1941 iic
1132 1893 1313 1942 redibis
1335 1893 1600 1944 lubentius.
1689 1891 1897 1943 Hastam
1917 1896 1983 1943 sat
2001 1895 2070 1946 fa,

320 1957 542 2017 tigatam,
557 1971 673 2004 cum
691 1956 886 2004 Pallade
910 1957 1259 2005 inclinabimus
1283 1957 1520 2021 paulisper
1539 1958 1724 2026 arbori,
1739 1959 1925 2008 somno
1946 1959 2071 2008 dum

321 2017 665 2081 indulgemus3
694 2021 744 2066 in
769 2021 961 2072 vivum,
988 2018 1331 2082 floridumque
1358 2035 1566 2083 germen
1586 2021 1846 2070 excrevisse
1865 2024 2069 2076 interea,

320 2080 486 2128 licebit
508 2081 710 2131 forsitan
732 2098 834 2130 cras
856 2082 1102 2130 admirari.
1203 2084 1475 2147 Speculum
1506 2084 1765 2150 physicum
1787 2085 1885 2141 jam
1907 2087 2070 2135 invet-

319 2155 376 2191 to
391 2176 404 2197 ,
425 2144 557 2191 aliud
578 2144 665 2190 tibi
689 2143 853 2193 offero
869 2146 1231 2199 Florentinum,
1248 2147 1390 2208 quod
1413 2146 1506 2195 effe
1526 2148 1712 2197 librum
1729 2145 1931 2197 testatur
1949 2149 2069 2197 Bru-

321 2218 415 2260 tus,
428 2207 590 2266 speculi
608 2209 819 2255 nomine
843 2209 1145 2272 appellatum
1160 2243 1173 2263 ,
1197 2208 1261 2259 eo
1284 2210 1425 2272 quod
1449 2211 1753 2278 Reipublicae
1773 2211 1878 2259 asta
1903 2213 2068 2275 praeci-

323 2285 422 2334 pua
432 2264 757 2318 Posterorum
779 2272 935 2318 oculis
956 2272 1221 2320 exhiberet.
1291 2273 1442 2322 Liber
1465 2273 1543 2322 hic
1558 2275 1767 2336 speculum
1788 2275 1956 2336 loquens
1969 2270 2063 2320 est:

321 2333 466 2382 illum
488 2333 672 2396 aperiet
696 2332 967 2394 aliquando
997 2334 1297 2384 conscientia
1322 2339 1544 2401 propria:
1583 2337 1819 2399 loquetur
1846 2337 1947 2382 hoc
1966 2335 2067 2399 spe-

322 2396 495 2445 culum
509 2427 522 2447 ,
543 2394 724 2442 tacebit
746 2394 880 2443 nihil.
951 2399 1145 2445 Habete
1163 2401 1452 2463 patientiam
1475 2398 1834 2463 Physiognomi
1848 2429 1861 2451 ,
1881 2397 2067 2448 satiabi-

321 2472 403 2508 tur
422 2456 671 2507 curiofitas
693 2453 864 2507 vestra.
933 2460 1051 2508 Hoc
1069 2461 1341 2523 aliquando
1363 2462 1617 2527 speculum
1633 2458 1914 2523 inspicietis,
1940 2463 1990 2511 δε
2012 2465 2065 2511 in

323 2532 597 2574 momento
619 2521 771 2572 unico
804 2520 1028 2573 videbitis
1058 2527 1257 2576 omnia:
1293 2525 1430 2577 hunc
1462 2523 1773 2577 conscientia:
1793 2522 1978 2636 libruga
2011 2527 2064 2574 in

1901 2603 1917 2634 l
1969 2603 2001 2636 U
