2175 2911
408 127 497 174 140
971 111 1210 160 Academia
1237 113 1490 160 Brutorum.

341 201 455 255 raro
477 199 789 268 Philosophis
820 199 1004 266 praebet
1031 213 1229 266 gratum
1257 202 1309 249 in
1338 195 1455 248 aestu
1481 198 1868 255 umbraculum,
1886 201 1939 250 in
1965 206 2092 257 curis

341 269 497 317 animi
521 267 884 316 levamentum.
985 267 1106 315 Haec
1135 265 1196 313 de
1218 265 1411 328 origine
1431 263 1559 316 loci,
1578 264 1704 313 illius
1734 262 1906 318 situm,
1930 268 2098 330 explo-

341 345 511 381 ratore
531 331 713 384 oculo,
738 327 942 394 propius
965 329 1278 378 arbitremur.
1362 328 1463 376 En!
1501 328 1549 374 in
1574 327 1773 376 Orbem
1795 327 2010 392 plantata
2033 331 2103 379 vi-

341 408 441 448 ret,
464 390 619 458 seque
635 405 780 458 gyrat
808 393 912 441 haec
938 392 1147 457 sylvula,
1172 395 1221 442 ὅ(
1250 388 1365 454 quia
1397 389 1694 439 ambulacris
1726 390 1994 440 umbrifieis
2021 407 2100 440 ex-

343 471 539 512 ornata,
554 458 910 522 Peripateticos
937 456 999 505 ad
1020 455 1367 519 disputandum
1388 454 1563 502 invitat
1580 487 1592 508 ,
1613 455 1777 504 obviae
1802 455 1994 518 semper
2016 471 2104 504 oc-

341 534 552 571 currunt
574 520 797 569 ferarum
818 521 957 569 variae
976 519 1180 584 species,
1205 533 1314 580 quae
1337 518 1460 566 dum
1485 517 1661 566 saltum
1682 516 1818 566 hunc
1848 521 2102 574 animant,

344 585 521 635 Dianae
543 584 722 648 gaudia
737 617 749 637 ,
769 582 949 648 Sophis
973 584 1192 648 praebent
1214 582 1462 639 iucundos
1485 571 1734 629 discursus.
1820 582 1923 631 Illic
1945 583 2104 630 erecta

344 649 455 698 sunt
493 650 677 698 vivaria
692 680 704 702 ,
726 645 807 696 hic
828 649 1031 699 aviaria,
1056 646 1143 695 suis
1165 658 1341 694 ornata
1361 643 1722 710 Philosophicis
1753 646 1940 693 exedris
1957 679 1968 698 ,
1993 661 2103 708 quae

345 712 622 761 virentibus
648 712 886 760 arborum
913 712 1061 759 ramis
1084 709 1394 761 inumbrata,
1428 721 1532 757 tam
1560 711 1873 756 concinnum
1899 709 2107 772 disputa-

344 778 473 824 tioni
500 778 726 840 aperiunt
758 776 1013 838 Lyceum,
1045 787 1099 822 ut
1126 772 1246 821 nihil
1280 773 1358 821 vel
1391 772 1453 820 ad
1477 772 1757 820 acuendam
1784 774 1972 836 Ingenii
1999 775 2105 820 vim

346 838 612 893 efficacius,
628 839 708 888 vel
727 839 788 886 ad
810 837 1126 885 excitandum
1149 837 1417 900 voluptatis
1438 835 1994 888 sensum,illecebros1us
2019 834 2108 884 fin-

345 906 394 967 gi
415 902 576 967 poilit.
633 904 852 951 Excurrit
872 900 974 949 hoc
989 916 1168 949 nemus
1190 903 1239 948 in
1259 899 1635 964 pulchritudinis
1658 915 1774 947 rarae
1796 902 2106 963 pomarium,

347 965 492 1028 quod
515 978 651 1030 prata
678 960 887 1013 amoene
909 964 1117 1011 ridentia
1143 967 1458 1024 conjungunt
1479 962 1641 1010 Villae.
1741 961 1839 1010 Sed
1860 964 1908 1011 &
1937 959 2109 1009 stridu-

346 1029 382 1079 li
402 1044 598 1080 amnes,
620 1023 940 1091 lympliaeq'ue
970 1022 1281 1086 crystallinae,
1309 1023 1362 1070 ut
1389 1023 1554 1075 vides,
1574 1024 1818 1083 liquidam
1848 1025 2109 1089 aspergunt

346 1095 527 1140 animo
551 1091 894 1151 voluptatem:
932 1101 1026 1132 nec
1051 1085 1225 1132 desunt
1251 1086 1411 1136 lacus,
1445 1079 1723 1146 divite‘sque
1753 1086 1944 1148 piscinae
1960 1119 1973 1139 ,
1997 1101 2107 1148 quae

346 1153 532 1218 Sophis
550 1154 683 1202 varia
706 1152 757 1197 in
782 1147 1052 1196 discursum
1077 1145 1299 1196 offerunt
1321 1148 1676 1209 experimenta.
1760 1150 1821 1196 Et
1845 1151 1983 1197 ecce!
2021 1146 2110 1198 sta-

346 1233 463 1266 mus
486 1215 547 1262 ad
571 1214 695 1261 villae
719 1212 948 1264 hortum,
965 1213 1016 1259 in
1038 1224 1144 1272 quo
1168 1208 1373 1274 superba
1399 1208 1455 1257 sit
1468 1209 1696 1263 Chloris,
1720 1209 1753 1259 fi
1772 1209 1931 1276 magis
1958 1228 2110 1262 venu-

349 1276 482 1327 stum
505 1293 598 1342 pro
620 1277 699 1325 sua
724 1276 908 1339 Regia,
931 1285 1064 1338 petat
1088 1273 1356 1322 decorem:
1395 1270 1477 1323 hie
1503 1274 1683 1322 oculos
1713 1288 1902 1323 recreat
1922 1275 2113 1325 florum
2173 1307 2175 1326 ;

346 1344 574 1394 varietas,
591 1340 657 1388 ibi
676 1339 887 1388 alvearia
900 1336 1331 1401 Philosophorum
1356 1335 1579 1385 alliciunt
1605 1337 1855 1387 discursus,
1901 1340 2108 1389 Verbo:
2174 1379 2175 1401 ἦ

350 1421 463 1456 non
491 1404 672 1455 video,
701 1399 847 1465 quod
877 1402 928 1448 in
962 1403 1150 1465 campis
1172 1399 1336 1464 Elysiis
1359 1400 1637 1463 quidquam
1664 1400 1858 1450 finxerit
1888 1402 2116 1452 fabulosa
2174 1408 2175 1453 ἓ

346 1464 817 1530 Antiquitas,quod
834 1463 1007 1513 hocin
1032 1464 1154 1514 loco
1173 1479 1283 1513 non
1313 1463 1493 1513 offerat
1512 1463 1604 1513 suis
1632 1465 1928 1515 Cultoribus
1952 1468 2111 1517 Natu·
2173 1470 2175 1510 ἑ

353 1548 417 1583 rae
448 1533 735 1580 amoenitas,

482 1594 679 1644 LEUC:
732 1593 781 1641 Si
804 1605 969 1642 tantus
988 1591 1109 1641 foris
1130 1588 1198 1640 est
1218 1590 1342 1641 villae
1357 1590 1717 1654 lepos,quant0
1736 1592 1940 1643 interius
1958 1592 2115 1642 abun-

354 1657 521 1706 dabit?
582 1658 691 1713 Eia!
739 1657 1095 1721 ingrediamur.
1206 1656 1382 1720 Qtam
1411 1654 1563 1704 habet
1603 1668 1748 1719 porta
1779 1656 2111 1722 epigraphen?

351 1723 510 1769 MEL:
580 1721 749 1770 Genio
768 1722 869 1769 loci
897 1719 1327 1770 accommodam:

633 1784 730 1839 Este
748 1785 899 1845 procul
921 1787 1081 1831 tetricae
1095 1816 1109 1837 ‚
1133 1799 1331 1830 curarum
1351 1784 1500 1834 taedia,
1521 1783 1677 1830 larvae:

758 1850 886 1895 Nam
895 1847 1019 1905 fizcra
1039 1848 1107 1894 hic
1127 1859 1306 1907 regnant
1325 1849 1414 1893 otia
1427 1882 1440 1898 ,
1463 1847 1556 1892 laeta
1575 1849 1709 1909 quies.

355 1913 456 1966 En!
493 1914 544 1962 in
563 1923 719 1978 portae
741 1914 1004 1960 cacumine
1027 1912 1127 1960 Bos
1147 1911 1289 1959 volat
1307 1910 1478 1963 alatus,
1499 1922 1700 1957 mutum
1724 1908 1957 1975 Angelici
1980 1909 2112 1962 sche-

355 1993 467 2026 ma:
516 1993 636 2026 narn
679 1977 881 2025 noveris
906 2007 919 2028 ,
948 1973 1085 2023 hunc
1113 1974 1375 2038 Angelum
1405 1975 1457 2021 in
1482 1971 1800 2037 Philosophia
1823 2007 1836 2028 ,
1864 1974 2051 2025 distum
2083 1976 2111 2026 a

356 2040 722 2104 Condiscipulis
743 2043 906 2085 Bovem
934 2051 1124 2088 mutum,
1151 2035 1217 2086 eo
1243 2035 1386 2100 quod
1406 2037 1543 2101 plura
1568 2049 1836 2100 cogitaret,
1858 2037 2011 2100 quam
2042 2040 2112 2089 di.

356 2116 516 2151 cerer:
555 2119 648 2151 nec
669 2102 879 2151 diffenfit
901 2102 999 2167 ipse
1028 2099 1279 2151 Professor
1293 2100 1531 2149 Albertus
1554 2101 1785 2163 Magnus,
1811 2117 1930 2150 nam
1947 2107 2110 2150 Bovem

357 2179 525 2213 mutum
551 2166 643 2213 effe
668 2165 886 2220 asseruit,
907 2165 970 2214 ad
988 2165 1125 2222 cujus
1149 2164 1561 2229 mugitum,fore,
1586 2176 1641 2213 ut
1670 2166 2111 2214 contremiscerent

358 2231 566 2279 Tartara
582 2262 595 2282 ,
618 2232 665 2279 δε
693 2226 1059 2294 obstupesceret
1082 2228 1333 2278 universus
1358 2228 1526 2277 Orbis.
1613 2227 1711 2276 Sed
1731 2228 1909 2278 Stoam
1938 2229 2108 2292 Ange-

359 2292 440 2342 lici
470 2291 840 2356 ingrediamur:
903 2294 1081 2343 Stoam
1111 2294 1330 2341 nomino
1361 2291 1492 2340 hane
1524 2290 1712 2348 aedificij
1743 2292 1959 2344 Aulam,
1983 2305 2106 2341 nam

359 2356 513 2404 affixis
532 2355 767 2417 symbolis
787 2355 936 2404 refert
952 2356 1258 2419 Angelicum
1272 2355 1562 2409 Herculem,
1577 2355 1848 2404 Brutorum
1869 2357 2106 2405 omnium

357 2418 832 2479 Domitorem,quia
857 2417 1127 2468 affectuum
1139 2421 1576 2484 Expugnatorem3
1612 2415 1727 2468 vere
1741 2418 2107 2480 Stoicum,quia

361 2482 704 2547 Apathicum3
734 2480 997 2531 Victorem
1019 2482 1230 2537 Mundi,
1261 2484 1374 2545 quia
1403 2484 1669 2532 VMtorem
1702 2480 1785 2529 sui.
1886 2481 1983 2529 En!
2021 2479 2105 2531 hic

361 2547 605 2600 Hercules
630 2543 866 2611 profligat
881 2545 1109 2610 Hydram
1124 2579 1139 2604 ,
1158 2545 1280 2598 eum
1302 2547 1479 2600 titione
1501 2543 1709 2598 accenso
1735 2545 1788 2595 in
1809 2541 1984 2659 fugam
2005 2544 2104 2617 ‚dat

1890 2622 2038 2660 oeml-
