2175 2911
124 1974 194 2030 λς

124 1913 325 1971 Propert.

418 122 514 170 224
891 105 942 156 T
934 107 1294 170 echnopbylacz'um
1325 104 1571 168 Physicum.'

584 198 689 249 Nec
711 198 874 247 minore
892 200 1088 259 prodigio
1117 198 1256 257 amzfit
1280 201 1509 253 scientias,
1534 196 1662 262 qudm
1685 197 1870 260 accepit:

886 264 1046 308 Beatus
1060 297 1073 313 ,
1094 261 1204 325 qabd
1223 261 1371 314 amisse
1387 261 1571 309 scientie}

901 325 1150 371 Retinuerit
1170 324 1324 381 sulcem
1346 322 1557 374 Virtutes.

1077 386 1170 434 Abi
1194 387 1365 440 Viator,

789 451 851 497 Et
876 466 968 496 cum
992 449 1175 497 Alberto
1190 449 1250 508 fic
1261 450 1410 508 fiztage
1430 447 1502 508 effe
1526 451 1683 503 doflus,

745 515 810 561 Ut
831 517 965 561 etiam
984 512 1172 560 indofsus
1208 513 1310 558 Coelo
1331 512 1390 571 fis
1410 513 1522 570 finis
1551 513 1717 568 dossas,

1074 574 1379 637 Qiasanc'sus.

486 689 683 744 LEUC:
751 686 998 740 DoClrina
1016 685 1216 755 geminii
1234 704 1318 739 me
1337 686 1529 740 instruit
1541 688 1643 739 hoc
1656 690 1707 738 in
1717 688 1949 754 Peripato
1967 700 2105 752 gran·
2174 714 2175 740 1

360 754 423 804 de
442 754 611 805 Sidus:
649 768 851 818 nempe,
861 752 925 802 sic
945 750 1248 802 studendum
1271 750 1426 802 nostri
1444 755 1685 818 temporis
1705 752 1902 817 Sopho,
1926 763 1981 800 ut
1999 766 2111 801 eva-

361 819 445 867 dat
478 814 692 868 Scientia
713 819 922 881 Magus,
952 817 1151 866 Virtute
1181 832 1407 880 magnus.
1489 817 1774 879 Utrumque
1804 815 1962 867 doce,
1988 829 2109 863 nam

358 894 530 946 potes:
567 875 739 942 sicque
758 880 919 944 pande
939 881 1120 944 Magiae
1141 879 1284 936 hujus
1303 882 1536 933 armaria,
1557 892 1612 927 ut
1631 882 1758 928 inter
1777 877 1990 942 Phyficae
2020 881 2108 926 mi-

359 958 441 996 ra,
462 956 650 1007 patrare
675 943 859 990 discam
872 944 1142 995 Miracula,
1161 944 1289 990 inter
1308 957 1416 1005 quae
1439 945 1529 993 erit
1552 945 1851 995 maximum⁷
1871 938 1923 989 ni
1941 940 2108 993 fallor,
2168 959 2175 1000 gt

358 1005 394 1054 si
416 1005 598 1053 discam
621 1005 798 1051 doetus
815 1003 961 1050 simul
979 1004 1099 1054 effe,
1123 1007 1174 1051 ὃς
1191 1004 1396 1051 sanetus.
1465 1007 1621 1048 MEL:
1661 1003 1946 1051 Probantur
1970 1015 2109 1058 vota,
2167 1005 2171 1061 ζ

358 1069 412 1116 ὅ(
433 1068 548 1128 quia
567 1079 679 1114 mea
700 1063 871 1116 simul,
897 1077 954 1111 ac
972 1074 1073 1115 tua,
1091 1062 1251 1111 deesse
1269 1064 1358 1111 illis
1373 1096 1386 1116 ,
1411 1077 1578 1126 neque
1600 1064 1772 1117 velim,
1795 1079 1889 1111 nec
1908 1064 2108 1127 possim.
2166 1101 2168 1119 5

355 1127 864 1192 Technophylacium
896 1124 998 1173 hoc
1015 1125 1274 1190 physicum
1288 1158 1300 1179 ‚
1321 1125 1355 1174 si
1376 1126 1537 1180 lubet,
1561 1126 1836 1190 ingredere,
1857 1126 2111 1177 dabitPhi-

355 1191 611 1256 losophia‚
637 1189 780 1252 quod
801 1190 988 1238 mireris
1007 1190 1059 1237 in
1077 1189 1231 1243 Arte,
1255 1200 1310 1238 ut
1327 1189 1611 1254 supremum
1634 1188 1885 1253 agnoscas,
1907 1193 1958 1240 δε
1977 1191 2112 1240 colas
2161 1191 2165 1249 j

356 1254 644 1309 Artificem.
726 1254 823 1301 En!
860 1255 913 1301 in
945 1267 1093 1317 parva
1119 1254 1343 1317 epitome
1372 1268 1559 1316 magna
1584 1253 1737 1302 Orbis
1765 1254 2038 1307 Miracula,
2063 1256 2114 1305 &
2161 1256 2163 1286 ῑ

358 1317 548 1367 ευηᾶὶε
569 1317 823 1367 Miraculis
846 1316 1062 1373 majores
1081 1316 1408 1378 Antiquitatis
1420 1314 1680 1367 Artifice83
1717 1331 1827 1364 non
1843 1316 2116 1366 credebant
2158 1358 2161 1378 ἶ

357 1381 407 1432 se
431 1378 539 1429 satis
563 1376 835 1445 posteritati
857 1380 969 1429 fore
991 1378 1236 1428 mirabiles
1251 1411 1265 1432 ‚
1289 1378 1376 1427 nisi
1399 1379 1714 1428 exhaurirent
1733 1379 1954 1428 Orientis
1974 1395 2114 1445 opes,
2156 1386 2160 1408 ⁵

363 1446 416 1495 ὅ(
441 1458 569 1509 pene
603 1438 910 1491 destruerent
935 1445 1143 1507 Regna,
1163 1454 1218 1490 ut
1248 1443 1299 1490 in
1322 1444 1509 1507 Regnis
1538 1442 1605 1489 sat
1638 1437 1930 1506 sumptuose
1958 1442 2116 1507 surge·
2156 1447 2171 1497 J

361 1519 473 1556 rent
504 1506 737 1555 humana:
764 1506 903 1556 Artis
934 1518 1183 1570 portenta.
1305 1506 1401 1554 Hic
1437 1504 1718 1570 Ctasiphon
1756 1507 1905 1552 erexit
1939 1505 2114 1555 Dianae
2154 1558 2155 1563 ,

361 1568 616 1634 Ephesinae
634 1570 929 1633 Templum,
945 1570 1080 1623 cujus
1105 1568 1432 1616 fundamenta
1456 1567 1651 1617 contusi
1679 1567 1942 1621 carbones,
1967 1571 2018 1618 ὃς
2050 1570 2116 1618 la·
2152 1567 2168 1595 ³¹

365 1648 440 1681 nae
464 1632 641 1680 vellera
658 1665 670 1685 ‚
695 1646 848 1694 quam
877 1644 1081 1680 centum
1101 1634 1274 1694 viginti
1294 1631 1481 1695 septem
1500 1632 1753 1680 columnis
1778 1631 1994 1679 totidem
2015 1634 2117 1682 Re-

364 1710 450 1760 ges
473 1695 796 1748 fulciverant,
819 1697 899 1743 cui
921 1692 1219 1744 exstruendo
1243 1694 1327 1743 etsi
1347 1706 1457 1743 tota
1485 1693 1605 1744 Asia
1634 1709 1846 1742 manum
1873 1693 2116 1743 admove·
2147 1693 2152 1712 ¹

365 1760 428 1807 rit
447 1790 460 1811 ‚
491 1771 664 1807 tamen
701 1754 812 1822 post
841 1758 1086 1807 ducentos
1117 1760 1291 1821 viginti
1327 1773 1488 1807 annos
1526 1758 1605 1806 vix
1638 1772 1851 1805 manum
1880 1757 2115 1809 ultimam
2146 1761 2150 1821 j

365 1823 535 1887 potuit
552 1821 845 1870 admovere.
914 1821 986 1870 Ibi
1009 1822 1182 1884 viginti
1213 1822 1435 1884 quinque
1458 1820 1636 1869 cubitis
1662 1820 1759 1868 alta
1787 1820 1834 1867 se
1868 1820 1914 1868 se
1946 1820 2114 1870 levant
2146 1826 2147 1830 ’

369 1883 646 1936 Artemisiae
664 1884 953 1938 Mausolaea,
979 1885 1157 1946 quibus
1183 1881 1325 1932 istam
1349 1886 1496 1933 Mors
1519 1881 1764 1949 insculpsit
1783 1882 2111 1949 Epigraphen.
2143 1886 2146 1928 ,l

649 1949 756 1994 Nec
777 1948 994 2007 Maufiilaei
1019 1948 1139 1992 dives
1169 1950 1359 1994 Fortuna
1375 1947 1596 2006 sepulchri,
2142 1955 2143 1969 ¹

715 2011 882 2057 Mortis
901 2011 954 2057 ab
984 2022 1178 2056 extrema
1199 2011 1434 2056 conditione
1458 2022 1605 2057 vacat.
2139 2063 2141 2067 y

369 2073 467 2124 Sed
489 2075 539 2123 ὃς
565 2072 838 2123 Colossum
857 2073 1126 2123 Rhodium
1155 2069 1373 2121 ostendit
1397 2072 1610 2127 Chares,
1633 2073 1771 2131 cujus
1797 2074 1935 2140 digiti
1957 2076 2115 2134 majo·
2138 2071 2141 2079 ’

368 2152 445 2186 res
462 2132 639 2188 statuis,
662 2138 749 2199 qui
771 2140 921 2186 etiam
952 2136 1131 2192 iacenS,
1155 2136 1405 2185 Miraculo
1418 2136 1548 2185 Orbi
1575 2135 1713 2186 fuisse
1738 2138 1931 2188 dicitur.
1972 2141 2113 2197 Jovis

370 2199 628 2263 Olympici
647 2199 966 2249 simulacrum
988 2195 1235 2248 monstrat
1252 2198 1447 2248 Phidias
1461 2232 1474 2254 ‚
1491 2212 1544 2248 ut
1561 2200 1745 2256 videa5‚
1767 2203 1820 2251 in
1841 2202 1943 2251 hoc
1964 2203 2111 2254 DEO

371 2262 440 2310 nil
468 2261 593 2309 boni
616 2261 752 2309 fuiss'e
771 2275 943 2325 praeter
973 2264 1258 2316 materiam,
1282 2274 1431 2325 atque
1458 2263 1705 2313 Authoris
1728 2280 1956 2315 manum.
2038 2267 2112 2315 Ibi
2173 2323 2175 2325 ,

369 2324 589 2374 visuntur
609 2323 825 2372 Obelisci
841 2325 1054 2389 AEgyptij
1069 2357 1083 2379 ,
1102 2328 1188 2388 qui
1215 2326 1584 2388 quadringentis
1607 2359 1619 2380 ‚
1654 2327 1915 2393 oetoginta
1939 2327 2112 2378 cubitis
2156 2319 2175 2368 5*

371 2388 477 2437 alto
497 2388 682 2437 vertice
702 2387 870 2435 Sidera
896 2389 1101 2436 feriunt:
1137 2386 1222 2436 hic
1240 2389 1285 2436 se
1306 2391 1543 2438 attollunt
1571 2390 1883 2453 Pyramides,
1902 2404 2005 2438 tam
2029 2405 2112 2440 va-
2154 2400 2172 2427 m

131 2454 346 2503 Herod.in
374 2447 454 2499 stae
473 2450 651 2504 molis,
671 2450 1009 2499 utearundem
1031 2452 1176 2501 unica
1191 2484 1204 2505 ,
1223 2452 1395 2515 viginti
1417 2455 1555 2501 annis
1578 2456 1658 2501 vix
1682 2453 1809 2503 bene
1823 2452 1983 2502 ere&a
1998 2486 2011 2506 ‚
2033 2456 2130 2510 to-1
2155 2463 2174 2496 m

133 2519 312 2579 Euterp.
373 2526 479 2566 tam
502 2512 770 2565 exhauserit
788 2512 1078 2578 AEgyptum.
1147 2516 1288 2567 Nam
1311 2514 1396 2567 ubi
1421 2514 1448 2568 ὲ
1464 2517 1605 2582 Rege
1623 2516 1817 2583 Cleope
1843 2513 2039 2565 tantum
2056 2523 2129 2577 in,
2156 2526 2175 2560 n<

1875 2577 2047 2644 rapha.
2123 2610 2126 2640 ;
