2175 2911
384 78 470 124 168
950 70 1171 130 Speculum*
1196 66 1429 128 Phyficum.
1890 122 1893 123 ⁷
2120 25 2127 129 l

321 171 447 223 Ctui,
480 166 638 232 tuque
666 165 747 216 vel
782 177 1009 230 receptus
1036 165 1088 211 in
1118 163 1356 216 Coelum,
1381 161 1465 213 vel
1494 160 1738 226 relegatus
1768 159 1833 210 ad
1866 161 2069 215 exilium
2125 159 2129 220 l
2171 178 2175 211 1

320 230 578 282 lustricum
593 265 606 286 ‚
629 231 710 281 vel
730 228 948 279 detrusus
972 226 1035 275 ad
1060 228 1264 274 exitium
1283 223 1657 289 sempiternum.
2128 258 2131 293 ·:

449 295 648 347 LEUC:
715 294 912 358 Superi!
950 287 1433 354 quamhorrendum
1456 284 1665 336 estistud
1683 282 1886 336 instans!
1918 285 2075 349 quam
2130 310 2133 346 ς

324 362 496 426 magni
520 359 774 407 momenti
795 352 864 404 est
893 354 995 404 hoc
1023 353 1376 402 momentum!
1412 351 1511 408 jam
1530 366 1639 399 non
1658 352 1843 404 miror,
1864 350 2006 414 quod
2028 366 2075 399 e-
2132 363 2133 383 i

86 471 100 478 -
147 449 162 496 J
324 428 448 474 tiam
477 419 729 482 Justiffimi
755 422 881 468 inter
903 415 1072 476 Justos
1100 425 1335 461 vereantur
1362 417 1503 460 omnia
1530 425 1657 474 opera
1678 446 1693 468 ‚
1716 414 1895 469 scientes
1920 447 1933 468 ,
1963 414 2071 476 qubd
2102 458 2104 460 ,
2132 451 2136 481 3

77 455 246 563 30789.
324 486 479 547 ᾖηάωέ
500 488 691 533 Divinus
717 500 796 530 non
813 494 965 542 parcat
994 480 1266 541 delinquenti.
1366 473 1520 526 Certe
1551 477 1643 523 alia
1670 478 1781 529 sunt
1802 478 1930 527 illius
1955 477 2077 534 judi·
2134 485 2138 539 ξ

77 535 123 562 v.
149 528 175 558 2
213 549 224 564 ’
326 554 426 605 cia,
452 550 541 598 alia
569 547 870 597 hominum:
907 545 1165 593 Dominus
1191 537 1287 593 cst,
1309 554 1466 588 nemo
1498 536 1661 604 potest
1682 537 1926 603 effugere:
1965 556 2078 588 om·
2136 542 2138 594 ζ
2173 568 2175 590 ;

326 615 501 664 niscius
525 609 618 666 est,
647 609 769 658 nihil
788 604 951 673 potest
975 608 1144 655 latere.
1245 603 1387 666 Qud
1406 603 1537 651 dicet
1560 615 1682 650 ,tunc
1709 602 1937 666 Sophus,
1955 603 2080 652 ciim
2136 604 2140 662 ’ξ
2174 633 2175 636 =

327 678 393 727 ad
413 678 515 726 hoc
533 673 750 722 tribunal
772 674 874 736 rapi
894 671 938 719 se
960 669 1136 717 viderit
1158 667 1321 716 solum
1336 699 1348 721 ,
1370 678 1578 714 exutum
1598 667 1856 730 epomide,
1883 664 2080 733 destitu-
2138 667 2140 671 ’

328 755 440 790 tum
463 738 720 788 Patronis?
757 732 1067 798 obstupescet
1085 731 1147 779 ad
1165 745 1358 779 novam
1380 729 1511 783 ,hanc
1539 729 1946 783 cathedram,1·1bi
1971 745 2082 777 om-
2141 781 2144 790 ¹

329 807 414 854 nia
433 801 740 868 apparebunt
760 799 828 851 illi
850 794 1140 848 novillima,
1161 794 1299 858 supra
1331 807 1547 840 omnem
1568 791 1723 840 fidem
1742 792 2081 856 intelligibilia,
2173 820 2175 850 3

330 868 471 931 supra
497 880 712 913 omnem
741 862 1087 924 eloquentiam
1123 855 1503 922 inexplicabilia,
1530 855 1670 919 supra
1698 870 1915 903 omnem
1944 856 2083 903 intel·

330 930 587 993 ligentiam
612 922 1160 993 incomprehensibilia?
1234 921 1399 971 'MEL-
1476 921 1549 971 Ita
1568 916 1666 972 est,
1692 914 1868 969 frustra
1898 919 2087 966 forma-
2145 946 2149 973 ;

333 994 405 1042 bit
424 990 763 1055 Sophismata‚
789 984 963 1036 frustra
981 981 1311 1039 Aristotelicae
1338 979 1513 1030 afferet
1540 993 1835 1042 argumenta
1856 980 2087 1028 subtilita-

334 1059 418 1105 tis:
457 1049 655 1118 optirne
679 1043 918 1099 Ifido‘rus:
970 1048 1027 1095 ,ad
1054 1044 1231 1097 dastriffi
1246 1044 1427 1100 γεῗιιιίὶεἱς
1458 1057 1634 1087 examen
1661 1058 1733 1086 nec
1755 1041 1943 1100 ,Jastitia
1963 1042 2086 1102 Justi

327 1120 475 1178 secura
503 1114 572 1168 est.
643 1113 785 1167 Nihil
805 1112 873 1158 ibi
891 1108 1092 1160 valebit,
1113 1105 1235 1167 quid
1259 1103 1380 1166 quid
1401 1100 1485 1152 hic
1501 1101 1784 1153 aestimatur.
1853 1106 1972 1155 Sola
1996 1108 2089 1156 vir.-

334 1194 413 1228 tus
447 1181 500 1225 in
534 1177 696 1239 pretio
723 1171 792 1221 est
816 1205 829 1227 ,
865 1171 988 1234 quid
1022 1169 1145 1231 quid
1176 1165 1407 1219 afferetur
1439 1179 1611 1231 praeter
1650 1169 1914 1222 virtutem,
1944 1171 2089 1222 oneri
2150 1166 2153 1193 ³

337 1244 444 1290 erit.
515 1241 582 1290 Ut
605 1238 679 1296 alij
701 1248 914 1289 taceant,
929 1234 1072 1296 loqui
1091 1235 1141 1285 ὃς
1161 1230 1385 1279 accusare
1402 1231 1816 1296 incipietSophos
1838 1233 2090 1286 conscien-
2152 1231 2153 1239 ’

336 1308 403 1354 tia
424 1305 647 1368 propria:
684 1300 789 1349 haec
808 1301 860 1347 -in
881 1298 1017 1346 factis
1040 1296 1247 1343 illorum
1269 1291 1550 1351 testabitur,
1572 1295 1714 1357 quod
1743 1295 1893 1348 vidit,-
1947 1312 2090 1345 accu-

338 1369 484 1423 sabit,
505 1364 649 1430 quod
673 1360 907 1412 dissuasit5
941 1358 1187 1412 laudabit,
1218 1357 1361 1419 quod
1382 1359 1644 1407 consuluit.
1728 1359 1851 1407 Haec
1868 1358 2093 1409 Philoso-
2154 1374 2158 1388 ·

339 1432 446 1496 pho
463 1464 475 1485 ‚
499 1431 629 1487 juxta
659 1425 1063 1490 Phyfiognomiae
1087 1422 1302 1491 xverioris
1329 1423 1594 1487 principia,
1626 1422 1974 1487 horoscopum
2002 1420 2089 1471 sta-
2156 1423 2167 1477 ,⁴

341 1507 473 1547 tuet,
495 1505 598 1540 tam
626 1491 946 1554 inopinatum
968 1519 981 1540 ‚
1006 1500 1166 1548 quam
1198 1486 1465 1547 ingratum.
1564 1487 1742 1535 Mores
1770 1486 1968 1550 deteget
2000 1488 2092 1551 pri·
2158 1513 2161 1520 =

343 1556 438 1606 mo
462 1572 514 1602 ex
534 1553 649 1601 ανίὶο
669 1552 849 1601 nimium
872 1549 1056 1608 foedere,
1075 1547 1219 1610 quod
1235 1550 1408 1599 anima
1428 1548 1604 1597 habuit
1627 1564 1746 1596 cum
1771 1565 1988 1613 corpore
2011 1550 2093 1597 de·
2160 1555 2169 1611 l·

345 1624 514 1672 licato.
582 1621 734 1669 Dicet
763 1614 1128 1680 Philosophum
1150 1629 1260 1662 non
1292 1612 1431 1662 suissi:
1453 1648 1467 1668 ‚
1499 1614 1581 1662 sed
1610 1607 1957 1680 φιλοςῶμχτρν,
1993 1612 2094 1660 sen-
2159 1602 2175 1668 [l

343 1691 490 1740 suum
508 1688 705 1735 servum
720 1719 733 1740 ,
755 1687 938 1734 ventris
957 1683 1288 1745 mancipium,
1308 1685 1534 1746 corporis
1554 1683 1858 1740 jumentum.
1927 1688 2096 1741 Dicet,
2138 1657 2175 1737 -ll

345 1753 411 1803 sic
436 1748 680 1800 adhaesiss'e
701 1751 862 1803 carni,
892 1759 946 1796 ut
972 1759 1144 1800 ,mores
1173 1748 1370 1794 traxerit
1409 1747 1592 1798 molles
1615 1781 1629 1803 ,
1657 1749 2095 1799 commoditatum
2168 1746 2175 1800 Ξ

347 1826 588 1867 amantes,
609 1811 790 1869 delicijs
815 1809 1093 1860 immersos,
1118 1808 1530 1862 inconsideratos,
1550 1812 1903 1874 praecipites,&
1918 1814 2097 1863 incon-

347 1877 550 1928 stantes:
587 1888 816 1924 mentem
839 1874 902 1922 ad
923 1872 1134 1922 carnalia
1155 1888 1399 1936 pronam,
1428 1872 1491 1920 ad
1509 1872 1719 1938 superna
1746 1875 2097 1941 obtuiam‚spi-
2173 1897 2175 1906 ·

349 1946 502 1990 ritum
529 1939 822 1993 flaccidum,
854 1940 1254 1988 &cxcaecatuni‚
1274 1937 1501 1983 ,animam
1544 1937 1655 1985 vitae
1687 1938 1930 2001 praesentis
1962 1941 2097 2002 cupi·
2166 1944 2171 1984 ἱ

352 2005 469 2052 dam
486 2037 498 2057 ,
522 2007 572 2053 &
594 2001 846 2067 pertaesarn
875 2002 1068 2050 futurae.
1146 2001 1297 2054 Dicet
1319 2013 1376 2047 ex
1395 1998 1536 2050 ,arc‘to
1555 2001 1772 2052 nimium
1797 2002 1992 2051 foedere
2011 2005 2100 2050 du·
2168 1987 2173 2064 l

352 2065 465 2116 xiffe
483 2068 640 2115 vitam
668 2065 861 2130 prorsus
894 2064 1170 2117 carnalem,
1201 2063 1423 2111 deditam
1450 2065 1576 2111 vitio
1597 2097 1611 2118 ,
1644 2066 1788 2126 quod
1814 2067 1881 2114 D.
1917 2066 2099 2119 Paulus

355 2131 507 2178 etiam
524 2131 777 2176 nominari
802 2131 930 2176 inter
953 2125 1289 2191 Philosophos
1316 2125 1573 2189 prohibet:
1623 2130 1772 2190 quod
1802 2130 1871 2178 D.
1897 2130 2100 2194 Cypria-2

108 2189 182 2236 De
201 2181 303 2257 130320
356 2208 447 2241 nus
468 2202 620 2241 vocat
641 2194 806 2236 ruinam
825 2194 1010 2238 melioria
1035 2193 1192 2244 aetatis,
1213 2190 1557 2239 adolescentiae
1581 2190 1777 2247 scilicet,
1801 2196 1851 2242 ὅ(
1871 2192 2097 2250 juventu·
2172 2186 2175 2250 l

112 2249 302 2298 Pudeat.
356 2257 438 2303 tis:
511 2269 561 2301 er
584 2253 727 2315 quod
743 2253 953 2300 Diabolus
973 2267 1112 2300 totum
1129 2255 1339 2300 hominem
1359 2255 1476 2300 ducit
1501 2257 1546 2300 in
1568 2257 1854 2316 triumphum:
1891 2267 2098 2319 propter
2173 2251 2175 2301 l

358 2269 524 2380 quod,
546 2315 667 2364 teste
686 2315 853 2370 saneto
874 2318 1114 2381 Remigio
1127 2349 1139 2371 ,
1149 2316 1376 2374 fizlvantur
1388 2320 1531 2377 pauci,
1558 2317 1860 2367 damnantur
1878 2318 2095 2380 plurimi.

359 2382 535 2430 Mores
564 2378 760 2443 deteget
789 2378 1036 2432 secundo,
1072 2397 1124 2426 ex
1148 2382 1366 2440 analogia,
1392 2396 1546 2443 quam
1569 2379 1896 2443 Philosophus
1927 2378 2102 2429 habuit

362 2457 483 2493 cum
503 2441 680 2493 brutis:
717 2441 848 2492 dicet
866 2441 1231 2508 Philosophum
1249 2459 1359 2495 non
1381 2442 1535 2500 fuiffe,
1558 2443 1641 2493 sed
1658 2442 1862 2492 subinde
1885 2446 2101 2508 praecipi-

1931 2518 2035 2556 tem
