2175 2911
719 125 956 173 Academia
985 127 1235 177 Brutorum.
1696 143 1786 191 137

108 215 250 266 undis
269 216 520 281 immergit
541 217 701 281 capite
720 227 881 269 tenus,
900 229 964 263 eo
990 213 1116 269 fine,
1140 228 1194 264 ut
1211 215 1454 279 fugientes
1477 231 1579 269 turr
1593 221 1735 269 ratim
1758 220 1852 270 ho-

103 280 244 345 spites
264 280 477 329 florente
494 276 665 333 ramo,
691 293 845 341 quem
870 293 961 327 ore
986 290 1150 332 tenet,
1172 280 1325 328 veluti
1343 280 1475 345 asylo
1490 316 1503 336 ,
1521 285 1752 338 excipiat,
1773 300 1852 333 ex-

102 339 381 406 ceptosque
399 343 670 406 demergat,
689 354 743 391 ut
766 338 912 406 plane
935 341 1145 391 dubites,
1160 357 1223 389 an
1245 345 1545 407 ingeniosius
1566 343 1724 394 sumat
1746 348 1853 396 vin-

104 406 316 460 dietam,
337 422 400 454 an
428 404 700 455 comodius
727 405 940 470 depellat
958 399 1257 453 molestiam.
1355 409 1599 457 Erinaceo
1624 408 1726 464 jure
1750 411 1855 460 sub-

104 469 280 520 scribas
305 484 398 533 pro
419 469 675 524 lemmate,
691 470 780 515 Nil
793 469 882 528 fine
893 468 996 527 fine.
1061 469 1159 516 Hic
1179 467 1432 532 duplicem
1452 484 1654 536 portam
1681 474 1855 523 latibu-
1881 497 1913 541 ς
1940 492 2033 548 Bas
2053 493 2098 541 ᾗ,

102 533 157 581 10
180 531 439 598 praestruit,
474 533 646 581 Boreae
679 547 862 587 unam,
894 533 1102 580 alteram
1132 530 1397 581 obversam
1426 533 1647 589 Austro,
1672 549 1724 584 ut
1745 537 1848 586 hoc
1880 529 1984 604 Iiex
2022 531 2033 542 ”

102 596 254 646 flante
284 593 507 646 obstruat
532 611 714 649 unam,
733 596 822 644 illo
845 592 1101 644 molestius
1129 595 1467 646 tumultuante
1492 594 1716 647 obstruat
1735 601 1851 649 alte-
1878 593 2033 678 hom‘9

103 675 239 709 ram:
275 661 413 709 idem
443 661 593 723 penui
614 659 704 708 suae
727 661 777 705 in
799 658 1039 722 hyemem
1070 657 1381 722 provisurus,
1405 664 1608 710 maturis
1632 662 1731 717 jam
1752 665 1852 713 fru-
1980 657 1990 668 '
2038 655 2051 669 ’

105 722 263 772 &ibus
283 726 529 773 Pomonae
552 724 670 769 atria
691 718 860 769 lustrat
877 755 889 774 ,
910 717 1082 783 ib1'que
1112 736 1199 785 per
1217 720 1427 770 decidua
1448 724 1492 771 se
1512 724 1556 771 se
1577 738 1732 787 poma
1762 741 1855 776 Vo-

101 785 290 840 lutans,
324 781 529 834 onustus
557 784 684 831 redit
706 798 826 832 cum
860 784 1048 848 spoliis,
1070 796 1206 831 totus
1235 782 1333 848 ipse
1365 799 1577 845 quantus
1612 800 1854 847 quantus,

101 848 338 912 spoliator
359 846 576 897 fimul,&
595 846 827 909 spolium.
898 847 1063 895 Canes
1085 846 1299 911 AEgyptij
1319 862 1429 896 non
1449 848 1536 897 nisi
1559 853 1785 911 carptim,
1802 855 1853 902 ὅ(

100 926 190 975 per
204 908 459 959 intervalla
481 909 661 959 Nilum
689 905 976 973 degustant,
1011 925 1075 957 ne
1103 910 1241 958 suam
1269 911 1489 974 longiori
1510 912 1660 961 mora
1690 913 1855 963 levan-
1881 914 2096 967 Plin.l.8.

100 986 171 1020 tes
191 971 320 1020 fitim
334 1005 347 1026 ,
377 971 667 1022 Crocodilis
686 972 749 1021 ad
768 972 901 1029 fluvij
934 973 1242 1038 crepidinem
1270 974 1572 1024 latitantibus
1591 973 1860 1041 restingue·
1887 993 1922 1023 c.
1943 989 2016 1024 10.

98 1050 153 1086 re
176 1047 423 1100 cogantur
446 1034 654 1083 famem.
724 1036 864 1097 Quid
891 1035 1056 1085 dicam
1075 1036 1138 1084 de
1158 1038 1385 1107 Polyspo?
1422 1039 1556 1102 eligit
1572 1040 1653 1088 ille
1669 1041 1860 1093 media,
1884 1034 2097 1102 Idemlq.

17 1135 19 1146 2
99 1114 211 1149 non
226 1097 392 1147 minus
413 1109 524 1161 apta
540 1097 603 1146 ad
623 1097 668 1145 se
687 1098 936 1147 tuendum
950 1131 963 1152 ,
990 1115 1053 1146 ne
1070 1100 1234 1162 praeda
1252 1104 1362 1154 hat,
1387 1103 1541 1162 quam
1566 1116 1858 1167 opportuna
1887 1121 1922 1151 c.
1942 1116 2019 1161 30·

28 1174 30 1190 ³
100 1162 165 1210 ad
189 1162 541 1225 decipiendum
561 1195 575 1212 ,
612 1173 668 1209 ut
701 1161 919 1224 ptaedam
953 1161 1115 1210 faciat.
1216 1165 1356 1211 Nam
1385 1162 1584 1214 hostem
1615 1167 1733 1215 cum
1751 1183 1854 1216 me·

100 1230 220 1279 tuit,
254 1224 421 1273 subtus
443 1224 548 1273 saxa
567 1223 752 1272 desidet
775 1236 934 1278 tutus,
971 1223 1257 1288 eorumque
1278 1226 1513 1275 colorem
1527 1227 1590 1276 fic
1610 1231 1787 1283 induit,
1805 1242 1860 1280 ut

101 1303 222 1338 cum
233 1288 382 1336 Batto
400 1289 451 1337 in
472 1287 640 1337 saxum
655 1285 919 1351 obriguisse
944 1287 1153 1336 diceres:
1189 1284 1363 1351 sicque
1380 1291 1530 1355 pisces
1550 1294 1765 1348 majores
1785 1295 1861 1343 fu-

99 1355 198 1418 git,
235 1352 457 1400 minores
479 1351 627 1402 fallit;
661 1350 758 1399 hos
779 1352 915 1398 enim
936 1382 950 1404 ,
996 1351 1132 1399 velut
1155 1352 1219 1399 ad
1247 1353 1419 1422 'laxum
1437 1355 1682 1403 incautius
1707 1357 1858 1406 adna-

101 1428 261 1464 tantes
286 1414 493 1472 brachiis
510 1415 600 1463 suis
621 1428 714 1463 ceu
736 1412 924 1461 retibus
947 1415 1126 1477 carpit,
1147 1428 1396 1477 capitque.
1466 1417 1605 1477 Quid
1623 1419 1683 1465 de
1697 1420 1861 1482 Aqui-

104 1480 166 1533 la,
191 1493 297 1528 non
320 1479 478 1526 oculis
499 1475 684 1531 modo,
700 1477 781 1525 sed
800 1474 1069 1540 &ingenio
1092 1475 1392 1525 acutissima?
1458 1475 1788 1528 Testudinem
1808 1492 1865 1530 ut

20 1575 22 1590 ;
102 1554 340 1595 venetur,
375 1538 552 1589 testam
579 1540 642 1589 ad
673 1540 779 1589 saxa
809 1540 994 1588 allisam
1021 1540 1202 1603 frangit
1221 1574 1234 1594 ,
1271 1543 1343 1588 uti
1366 1539 1500 1589 male
1526 1542 1667 1591 sensit
1687 1544 1858 1592 infelix

99 1605 354 1669 AEschylus
369 1637 382 1658 ,
419 1604 554 1659 cujus
575 1604 769 1653 calvitie
788 1603 994 1668 decepta
1021 1604 1212 1666 Aquila
1225 1604 1554 1668 improvisum
1573 1603 1856 1670 prostravit,

100 1664 417 1732 decepitque,
431 1666 665 1731 cumipse
685 1669 800 1716 Fata
820 1666 1047 1732 decipere
1067 1669 1324 1716 niteretur.
1391 1668 1490 1716 Sed
1511 1671 1560 1719 ὅ(
1574 1670 1746 1718 Ardea
1757 1671 1858 1719 Fal-

100 1735 244 1782 conis
262 1729 455 1780 insidias
471 1732 681 1780 vitatura
695 1763 708 1785 ,
735 1729 937 1794 nota‘sque
948 1732 1124 1791 paludes
1143 1731 1309 1787 deserit,
1334 1743 1464 1793 atque
1480 1733 1615 1778 altam
1630 1733 1760 1793 fitpra
1777 1750 1856 1780 vo·
1883 1740 2072 1792 Amr-ov,

101 1795 338 1844 latstrdea
357 1792 524 1842 nubem.
594 1793 756 1859 Qod
781 1793 815 1843 fi
837 1791 1038 1843 hostem
1049 1793 1355 1860 superiorem
1375 1796 1422 1843 se
1444 1794 1706 1861 conspicit,
1731 1797 1857 1845 resu-
1885 1806 2101 1857 l.20.c.8.

100 1860 225 1925 pino
246 1860 297 1905 in
319 1869 517 1921 tergora
538 1855 702 1907 rostro
726 1891 740 1912 ,
784 1858 922 1907 velut
954 1870 1104 1907 acuto
1124 1854 1393 1922 longoque
1416 1857 1604 1923 spiculo
1625 1895 1638 1911 ,
1677 1862 1857 1925 excipit
1884 1870 2056 1919 Ornith.

0 1932 39 1980 ,ζ’

0 1991 31 2047 ,ᾗ

103 1937 241 1970 caeco
261 1922 451 1983 impetu
467 1923 518 1969 in
534 1921 581 1969 se
601 1933 833 1971 ruentem
852 1955 866 1976 ,
901 1921 1205 1986 transadigit,
1240 1924 1395 1970 vincit
1414 1954 1427 1974 ,
1462 1922 1543 1971 vel
1563 1923 1732 1972 saltem
1747 1939 1854 1972 non
1887 1931 2007 1992 Virg,

102 1987 321 2034 moritur
337 1984 508 2033 inulta.
575 1986 658 2034 De
680 1985 884 2035 Perdice
904 1984 967 2034 fic
984 1986 1231 2049 Stagirita:
1268 1985 1362 2031 cu‘m
1376 1986 1430 2030 ad
1445 1987 1556 2032 illim
1572 1987 1715 2033 nidum
1728 1987 1856 2045 acceJZ
1883 1996 1914 2043 l,
1928 2009 1973 2054 9,
1994 1995 2089 2051 hist,

2 2087 7 2103 ,
94 2048 206 2106 ferit
229 2049 459 2110 quicpiam,
480 2049 706 2108 provolvit
717 2049 800 2106 sefie
821 2061 919 2094 ante
934 2050 1061 2108 pedes
1081 2051 1302 2098 venantis,
1323 2046 1465 2111 sicque
1490 2051 1626 2096 allicit
1641 2051 1853 2097 hominem
1884 2076 1920 2107 c,
1946 2073 2019 2106 10,

0 2131 3 2146 ·
28 2135 30 2138 ·
106 2112 160 2162 ad
176 2112 222 2165 se
240 2110 507 2170 capiendam,
532 2111 655 2174 ufiJue
677 2113 776 2158 dum
786 2113 895 2171 pulli
907 2109 1134 2170 effugiant:
1171 2123 1263 2156 tum
1285 2112 1341 2158 ὄν
1366 2111 1451 2172 ipſsa
1472 2113 1636 2164 avolat,
1657 2113 1855 2160 revoca't-

103 2190 184 2238 que
197 2174 377 2233 prolem.
445 2173 528 2223 De
550 2175 727 2224 eadem
749 2173 1068 2226 Plutarchus:
1104 2172 1320 2232 afficefacic
1327 2177 1477 2235 pullos,
1504 2189 1679 2236 urgente
1694 2188 1853 2238 aucupe
1885 2187 1936 2231 L,
1950 2184 2067 2242 desb-

42 2252 44 2258 “
98 2239 246 2298 jacere
253 2237 446 2296 supinos,
470 2237 670 2302 injec‘la'q5
693 2240 859 2297 corpori
872 2236 997 2295 gleba
1017 2237 1145 2294 velut¹
1158 2250 1397 2296 tegumento
1411 2237 1566 2295 fallere
1586 2241 1849 2300 indagantes,
1883 2249 1982 2295 lert,

0 2338 4 2356 .
76 2303 79 2306 ’
109 2299 248 2366 Qid
272 2301 419 2363 igitur
438 2303 649 2355 mirum,
664 2300 713 2353 fi,
738 2297 881 2362 quod
892 2299 1261 2365 Cosmographi
1283 2301 1512 2355 afferunt,
1528 2304 1776 2354 Nationes
1797 2302 1854 2351 sit

28 2408 29 2412 ,
109 2365 331 2413 invenire
351 2362 436 2411 sub
449 2364 624 2418 Coelo,
638 2366 724 2426 qui
744 2366 796 2411 in
815 2363 975 2412 Brutis
991 2366 1243 2413 rationem
1263 2365 1434 2413 colant
1453 2363 1676 2416 humana
1699 2361 1853 2428 longe

0 2432 13 2479 ‘e
30 2466 49 2474 Α.
109 2427 388 2483 majorem?
410 2426 531 2489 quid
541 2423 896 2489 mirum,quod
906 2426 1243 2477 Barbarorum
1255 2443 1365 2479 non
1385 2430 1506 2479 nulli
1520 2445 1612 2495 pro
1624 2431 1762 2493 Rege
1776 2442 1851 2476 re·-

1 2513 4 2520 ·
31 2528 48 2541 .,
111 2492 291 2554 cipiant
314 2489 530 2543 Canem,
555 2487 706 2554 ejusqs
728 2490 929 2539 nutibus
950 2490 1315 2554 obsequantur?
1350 2493 1472 2557 quid
1490 2496 1693 2545 mirum,
1708 2487 1852 2552 quod

0 2558 19 2607 sc
30 2554 37 2602 ἑ

112 2552 335 2618 Caligula
348 2552 659 2621 Sonipedem
675 2553 819 2607 suurn
835 2556 1072 2670 creavserit
1083 2554 1359 2610 Consulem
1371 2560 1394 2607 ἐ
1414 2556 1496 2609 sed
1513 2572 1607 2624 pro
1626 2553 1857 2667 ἓξὲξ-16-
