2175 2911
105 1986 162 2033 L.
175 1984 224 2030 de
241 1982 305 2029 in·

188 2174 244 2217 In

127 2235 305 2284 Conviv.

411 111 502 159 134
974 93 1152 157 Virgula
1179 95 1395 157 Morphei.

341 192 508 243 forsan
529 189 715 240 diceret
725 187 918 240 Tullius
933 223 946 245 ,
982 189 1175 239 somnia
1197 188 1290 239 csse
1310 201 1450 238 muta
1470 199 1655 239 naturae
1674 186 1947 254 spe&aciila
1962 223 1976 246 ,
2001 191 2091 242 ubi
2140 229 2142 243 .

341 258 603 319 loquimur
626 254 726 304 fine
755 269 885 304 voce
909 287 922 307 ,
958 253 1059 302 fine
1091 254 1249 302 oculis
1283 254 1538 308 videmus,
1573 258 1824 318 tangimus
1859 253 2091 309 fineisen-
2140 305 2144 318 ⁴

342 323 395 369 su
421 353 434 373 ,
471 317 666 368 Assueri
687 318 929 374 conviviis
951 318 1165 366 fruimur
1194 316 1294 365 sine
1320 313 1490 380 gustu3
1528 317 1613 366 ubi
1640 318 1795 366 varias
1829 316 1930 365 fine
1952 315 2091 382 gestu
2141 322 2144 346 ³

341 382 574 449 personas
598 384 788 447 agimus
800 382 1057 440 Joculares
1073 382 1238 433 Mimi,
1260 379 1344 427 ubi
1365 381 1650 428 comoedias
1669 377 1868 433 moesta,
1883 383 2093 444 Tragoe-
2146 407 2147 418 π

340 448 444 496 dias
468 443 577 495 laeta
597 445 798 494 finimus
819 441 1130 508 catastrophe
1149 476 1162 497 ,
1198 442 1445 491 mirabiles
1473 444 1654 500 Roscii.
1755 445 1977 498 Diceret,
1999 443 2093 493 effe
2142 454 2149 493 ἑ.

340 509 518 560 Ludos
551 507 811 574 phantasiae
847 507 1132 556 umbratiles
1165 539 1177 559 ,
1214 507 1298 554 ubi
1336 521 1470 553 vanae
1500 505 1601 554 fine
1631 507 1813 556 viribus
1841 509 1921 555 irae
1945 540 1958 561 ,
1995 507 2095 556 fine
2144 546 2148 574 Ι.

345 572 577 623 manibus
598 572 756 625 luctae,
779 571 944 620 duella
970 569 1071 618 linc
1095 566 1254 623 hoste,
1274 584 1450 634 pugnae
1471 568 1571 617 sine
1590 573 1763 624 armis,
1783 570 1884 618 fine
1909 570 2096 635 langui-
2144 578 2150 631 {2

345 653 409 686 ne
442 637 650 686 vulnera
672 669 684 690 ,
721 634 821 683 fine
855 635 1049 682 damno
1091 634 1251 681 clades
1280 666 1294 686 ,
1328 636 1429 681 line
1465 633 1823 681 emolumento
1856 633 2092 683 vistoriae.
2144 635 2149 697 g

345 703 577 754 Diceret,
600 697 856 748 illusiones
874 696 967 745 effe
993 693 1350 750 Phantastieas,
1387 697 1473 744 ubi
1503 699 1555 744 in
1581 695 1793 745 obscura
1815 699 1994 746 mentis
2021 698 2098 744 so-
2146 710 2147 716 ¹

345 767 457 829 pitae
488 760 687 812 camera
711 795 723 816 ,
760 776 896 810 nunc
926 763 1053 808 inter
1081 760 1270 808 divitias
1301 759 1531 808 videmur
1550 761 1612 808 Iri
1637 793 1650 813 ,
1686 762 1813 808 inter
1856 773 2097 809 centones

345 827 520 880 Craes13
543 841 677 875 nunc
693 825 792 874 fine
810 824 1016 874 vinculis
1037 824 1166 876 visti,
1180 822 1462 872 fineLauris
1481 825 1528 871 V
1534 823 1740 875 istore53
1768 839 1902 871 nune
1925 823 2093 872 Aetia-
2146 832 2151 890 ζ

346 908 426 940 cas
452 892 701 939 cernimus
714 889 996 953 Cleopatrae
1022 887 1202 940 clades,
1222 903 1357 934 nune
1377 887 1623 950 gloriosos
1652 887 1850 935 Caesaris
1871 887 1933 934 ad
1954 887 2099 950 Capi·
2145 891 2164 909 '¹

344 956 529 1003 tolium
555 953 706 1015 usque
723 965 1031 1000 comitamur
1053 949 1353 1014 triumphos.
1437 949 1535 998 Sed
1555 951 1728 1007 Tullijs
1759 951 2100 1012 relinquamus

341 1019 446 1067 haec
466 1017 731 1081 paradoxa,
745 1017 829 1076 qui
851 1013 1085 1078 penicillo
1101 1012 1380 1061 Rhetorico
1401 1011 1464 1059 sie
1484 1012 1959 1075 expreffamSomnij
1981 1028 2098 1059 ven-
2147 1041 2155 1053 Λ-

345 1082 500 1129 ditare
531 1080 690 1127 [olent
716 1076 964 1139 Effigiem.
1074 1074 1367 1136 Philosophi
1404 1074 1596 1123 sumus,
1628 1076 1715 1136 qui
1748 1075 1891 1136 quod
1910 1076 2101 1123 Orator

343 1147 397 1192 in
460 1144 578 1189 lano
606 1139 779 1191 fufius,
802 1141 852 1185 in
885 1150 1059 1200 pugno
1088 1135 1262 1182 dicunt
1296 1134 1602 1184 succinctius.
1657 1138 1789 1191 Hinc
1812 1136 1838 1186 a
1862 1139 2098 1202 Principis
2154 1153 2155 1177 ³

342 1208 435 1255 nol
462 1205 500 1251 ri
522 1213 692 1250 mente
713 1216 822 1248 non
841 1199 1105 1249 aberrabis,
1121 1198 1443 1247 liSomnium
1460 1199 1711 1259 phantasma
1743 1202 1978 1249 nomines
1994 1234 2007 1254 ,
2027 1203 2101 1246 du..
2150 1205 2152 1215 ¹

343 1281 468 1316 rante
500 1266 645 1324 sbmno
669 1264 858 1310 elicitam
884 1281 895 1307 .·
933 1261 1272 1326 phantasmata
1293 1265 1458 1316 enim,
1488 1277 1597 1325 quae
1627 1264 1897 1318 mollibus,
1926 1264 2006 1312 sed
2029 1277 2099 1313 ta-
2150 1263 2154 1324 3

344 1347 467 1381 men
490 1327 746 1378 tenacibus
769 1325 958 1374 cerebri
980 1325 1113 1372 fibris
1133 1324 1399 1378 inhaerent‚
1417 1338 1567 1388 atque
1590 1323 1843 1390 'ergastulis
1866 1361 1877 1382 ,
1903 1326 1938 1377 fi
1968 1328 2099 1380 som-
2150 1328 2158 1369 ἰ

345 1398 397 1445 ni
417 1407 652 1458 tempore
683 1389 711 1438 a
733 1387 1111 1450 quibuscunque
1136 1389 1395 1450 agentibus
1427 1391 1726 1444 excitentur,
1751 1392 2111 1455 imaginationis
2151 1446 2157 1452 ,

346 1467 622 1508 occurrunt
642 1487 655 1507 ,
691 1450 951 1513 variasque
974 1450 1072 1499 five
1096 1449 1292 1514 fingunt
1316 1454 1581 1515 imagines,
1609 1452 1708 1501 five
1740 1453 1969 1503 formant
2001 1455 2102 1518 spe«
2151 1454 2157 1518 3

347 1521 537 1570 &acula
557 1552 569 1571 ,
601 1517 663 1565 ad
690 1514 1226 1582 moventis‘arbitrium
1258 1516 1542 1579 paratiliimi
1570 1513 1849 1565 histriones.
1949 1519 2099 1567 Som-
2152 1527 2167 1569 t*

348 1587 491 1632 nium
509 1583 655 1645 igitur
678 1578 833 1627 veluti
852 1578 1006 1641 pallio
1032 1577 1342 1626 Phantasiam
1362 1575 1607 1642 praecipue
1632 1579 1800 1633 afficit,
1821 1577 1940 1629 licet
1961 1583 2010 1631 ὃς
2027 1583 2098 1629 in·
2153 1574 2157 1632 s

346 1646 570 1694 tellectus
592 1643 778 1691 sociam
800 1657 909 1689 non
938 1638 1052 1689 raro
1084 1656 1294 1704 operam
1322 1642 1518 1704 jungat,
1551 1642 1676 1690 dum
1702 1643 2012 1691 somniamus
2037 1644 2099 1692 de
2153 1677 2157 1690 .

348 1710 515 1761 DEO,
537 1707 597 1755 de
611 1705 843 1770 Angeli53
866 1704 988 1752 dum
1012 1704 1295 1752 formamus
1322 1704 1572 1758 discursus,
1591 1718 1699 1767 quae
1723 1707 1899 1753 omnia
1921 1719 2101 1770 poten·
2126 1730 2128 1732 ·
2154 1700 2156 1711 '

345 1774 422 1821 tiae
445 1770 709 1819 materialis
728 1767 965 1831 sphaeram
985 1762 1268 1830 longiffime
1290 1767 1539 1832 superant,
1563 1780 1713 1831 atque
1733 1770 1987 1817 virtutem.
2158 1759 2175 1776 ¹

474 1833 671 1884 LEUC:
741 1834 802 1880 Et
825 1846 1057 1893 quaenam
1082 1843 1136 1878 tu
1156 1833 1351 1894 agentia
1371 1842 1537 1895 putas,
1559 1846 1782 1894 quorum
1816 1844 1943 1881 nutu
1973 1827 2000 1880 ὲ
2031 1832 2097 1882 la·
2169 1831 2175 1869 ἕ

349 1898 497 1946 tebris
517 1898 607 1945 suis
629 1893 890 1960 prosiliunt
908 1890 1196 1958 phantastici
1219 1894 1479 1942 ludiones?
1545 1897 1701 1941 MEL:
1769 1895 1851 1943 De
1883 1895 1957 1944 his
1977 1895 2095 1951 varii
2170 1944 2171 1948 ,

353 1964 487 2010 varia
508 1975 616 2008 non
637 1971 740 2006 tam
765 1956 1364 2022 philolophantui-,quam
1385 1957 1652 2006 somniant.
1703 1957 1931 2021 Synefius
1943 1957 2103 2008 Phan-
2155 1955 2159 1963 ’

353 2023 509 2072 tasum
540 2022 625 2070 fibi
653 2021 819 2085 fingit,
845 2022 1179 2070 Somniorum
1213 2020 1506 2070 Authorem
1531 2054 1544 2075 ,
1577 2020 1787 2070 Author
1813 2022 1910 2086 ipse
1948 2023 2096 2071 omni

354 2085 599 2137 Phantaso
628 2085 785 2148 magis
819 2083 1075 2132 fanaticus.
1177 2084 1321 2133 Plato
1344 2117 1357 2138 ,
1387 2083 1502 2132 alias
1535 2084 1732 2133 divinus
1755 2117 1768 2138 ,
1804 2086 1867 2133 de
1894 2085 2096 2134 somnio

355 2151 496 2198 sentit
520 2148 573 2196 iu·
593 2146 778 2200 homo,
798 2150 912 2208 quia
935 2147 961 2196 21
984 2149 1185 2197 veritate
1210 2146 1436 2201 dissentit,
1451 2147 1577 2195 dum
1600 2147 1734 2196 solos
1760 2147 1948 2214 spiritus
1967 2148 2099 2197 som-

356 2215 420 2270 nij
443 2206 758 2260 administros
780 2208 872 2257 else
892 2210 1122 2259 affirmat.
1204 2210 1508 2274 Porphyrius
1539 2211 1678 2259 bona
1697 2210 1891 2261 somnia
1923 2212 2098 2264 bonis,

359 2276 490 2325 mala
510 2274 681 2323 tribuit
704 2273 872 2328 Geniis
894 2274 1059 2328 malis,
1086 2273 1358 2336 utrobique
1379 2289 1488 2322 non
1510 2270 1669 2323 male:
1705 2274 1787 2322 sed
1814 2275 1898 2324 ubi
1917 2274 2095 2331 somnii
2169 2318 2174 2319 ⁷

360 2337 558 2403 genesin
577 2333 740 2384 statuit
760 2351 844 2399 per
865 2337 1052 2385 innatas
1083 2352 1290 2399 quoque
1321 2339 1475 2385 animi
1500 2340 1769 2393 notiones,
1791 2353 1912 2401 quas
1943 2353 2000 2386 ex
2033 2338 2098 2386 al-
2173 2385 2175 2389 .

362 2399 469 2450 tera
497 2397 597 2449 vita
629 2414 773 2448 mens
802 2398 999 2452 detulit,
1024 2399 1106 2447 hie
1137 2400 1400 2449 enimvero
1423 2415 1532 2448 non
1561 2399 1728 2450 modo
1749 2401 1990 2455 somniat,
2016 2400 2099 2448 sed

362 2465 551 2517 delirat,
566 2465 757 2527 ineptus
778 2461 1202 2526 metemplichoiis
1223 2465 1463 2512 Sestator.
1530 2465 1686 2514 Stoici
1705 2466 1832 2512 inter
1852 2465 1966 2512 alias
1985 2477 2100 2510 cau-

360 2529 431 2578 sas
453 2526 516 2577 ad
528 2528 701 2577 Fatum
720 2539 928 2588 quoque
948 2526 1459 2591 confugiunt,notum
1479 2527 1671 2578 inscitiae
1689 2525 1981 2636 communis
1998 2524 2097 2589 asy-

1931 2602 2025 2637 on:
