2175 2911
405 123 464 169 54
962 107 1157 158 Hamma
1191 112 1454 159 Promethei.

333 206 452 252 ritus
475 202 537 252 ad
561 201 799 266 obsequia
824 203 1088 254 ventriculi
1110 216 1402 254 avocantur.
1471 201 1844 268 Miraris,quod
1875 205 1966 256 illis
1991 205 2098 257 vul·
2174 235 2175 259 ;

333 282 453 316 nera
475 300 487 321 ,
519 266 590 315 his
611 268 734 316 vero
764 265 933 316 morbi
956 267 1020 316 fic
1055 265 1334 316 hebetarint
1359 270 1618 316 memoriae
1649 271 1811 317 aciem
1830 303 1843 324 ,
1877 282 1932 318 ut
1969 271 2099 320 Cor-

334 332 478 379 vinus
509 329 713 379 Messala
738 331 920 395 proprii
950 346 1158 394 quoque
1180 333 1402 378 nominis
1435 329 1490 378 fit
1514 331 1736 380 oblitus?
1773 333 1824 380 in
1855 346 2102 398 promptu

335 390 403 442 est
424 393 562 441 causa
592 411 600 440 :
638 409 758 441 nam
785 394 863 443 vel
900 392 1091 442 laeditut
1117 395 1377 442 memoria:
1399 393 1561 446 sedes,
1585 395 1666 442 vcl
1685 395 1874 460 spiritus
1891 398 2100 449 ,intem-

333 458 466 522 perie
488 458 641 504 nimia
672 457 869 510 turbati,
892 457 1098 507 avolant
1127 459 1174 506 &
1199 454 1582 504 consumuntur,
1640 457 1857 507 Causam
1878 459 2098 523 indagas,

334 535 422 568 cur
443 517 513 568 ira
537 519 613 569 vel
639 521 759 569 vino
784 520 900 576 ebrij
930 553 942 573 ,
979 521 1059 570 vix
1081 535 1191 584 quae
1214 521 1443 583 capiunt,
1462 520 1686 582 capiant,
1706 520 1838 571 adeo
1861 524 2101 571 omnium

332 582 426 631 sese
448 584 778 631 immemores
801 581 1015 631 sentiunt
1037 616 1050 637 ,
1086 579 1356 649 postquam
1380 581 1662 646 Morpheus
1686 596 1862 633 motos
1893 584 2104 634 tandem

333 647 499 710 potuit
523 661 842 711 componere
867 645 1042 695 fluCtus
1070 647 1085 694 ἓ
1121 645 1299 694 contra
1317 660 1437 708 quas
1451 660 1597 693 amor
1611 646 1688 695 vel
1709 648 1938 703 juventus
1950 648 2101 697 semel

332 709 513 773 species
533 707 768 773 impressit
792 743 803 759 ,
841 725 928 757 eur
951 711 1030 757 vix
1052 710 1152 757 seta
1180 723 1291 758 aetas
1316 709 1571 757 oblitteret
1591 742 1604 763 ,
1641 707 1984 772 adeo'queservet
2006 712 2102 757 odo-

334 789 425 818 rem
447 772 551 826 testa
595 774 667 818 diu
689 775 708 819 ,3
743 773 923 820 scilicet
948 775 999 820 in
1023 772 1235 821 homine
1265 785 1448 820 emota:
1473 774 1653 820 mentis
1677 805 1690 825 ,
1725 773 1835 822 sunt
1855 773 2033 822 cuneta
2049 775 2102 822 in

335 848 484 885 motu
512 869 525 891 ,
561 837 711 884 etiam
751 836 937 900 spiritus
961 869 973 889 ,
1010 836 1126 885 hinc
1175 835 1449 900 specierum
1487 836 1794 908 praepediunt
1828 834 2102 901 imprcffio-

335 914 471 948 nem.
542 901 600 948 In
626 898 767 955 ebriis
788 932 801 953 ,
838 898 960 948 ficut
983 901 1034 946 in
1061 898 1421 947 somniantibus
1451 898 1730 963 semilopita
1766 899 1969 965 languet
1998 914 2102 947 me-

335 964 500 1011 moria
519 995 532 1015 ,
569 962 687 1011 hinc
709 962 888 1027 speeies
912 995 925 1016 ,
962 964 1033 1011 uti
1057 978 1166 1010 non
1187 961 1275 1010 nili
1298 962 1462 1010 obiter
1492 963 1852 1027 imprimuntur
1874 995 1888 1017 ,
1923 965 1989 1010 ita
2011 977 2107 1011 nce

333 1023 422 1074 nisi
449 1025 669 1073 evanidae
693 1027 1051 1090 exprimuntur.
1154 1026 1271 1075 Alia
1294 1027 1459 1072 amori
1484 1021 1552 1071 est
1588 1025 1784 1073 indoles
1816 1043 1826 1073 :
1863 1040 1973 1074 non
1998 1041 2104 1089 pcr-

334 1084 588 1136 funstorie
615 1090 651 1134 is
679 1087 790 1136 suos
815 1103 1040 1144 amorcsg
1077 1087 1159 1134 scd
1186 1089 1301 1149 quia
1327 1090 1375 1136 <Se
1399 1087 1707 1147 frequentius
1736 1087 1798 1135 de
1822 1089 1912 1136 illis
1939 1089 2105 1150 loqui-

333 1164 413 1198 tur
442 1182 454 1203 ,
491 1152 541 1199 ὃς
564 1148 797 1196 attentius
818 1151 1007 1211 cogitat
1032 1181 1045 1200 ,
1083 1149 1204 1210 quid
1232 1151 1420 1196 mirum
1443 1150 1457 1195 ἒ
1494 1149 1527 1196 fi
1557 1150 1804 1198 inculcata
1826 1153 1975 1199 toties
1997 1151 2106 1200 ido-

334 1214 380 1261 la
399 1226 508 1260 non
530 1210 616 1259 nil-i
639 1210 739 1258 sera
769 1211 933 1258 delere
965 1209 1112 1274 polllt
1139 1211 1351 1261 oblivio.
1454 1213 1662 1276 Experta
1693 1212 1796 1261 hoc
1826 1215 1994 1263 Mater
2023 1214 2106 1262 illa

333 1274 597 1339 Seraphica
620 1307 634 1328 ,
671 1274 808 1330 eujus
866 1270 1101 1337 ostquam
1126 1275 1340 1322 Divinus
1362 1289 1510 1323 amor
1538 1291 1629 1324 cor
1647 1275 1812 1333 jaculo
1839 1276 2104 1331 transfixit,

335 1354 445 1388 non
472 1338 639 1402 potuit
659 1352 769 1385 non
794 1345 840 1384 el
861 1353 888 1384 e
918 1352 1125 1384 memor
1143 1336 1211 1385 sui
1233 1337 1442 1390 Dileffi,
1468 1337 1666 1402 lingulis
1697 1341 1849 1387 ctiam
1872 1343 1982 1389 vitae
2011 1339 2106 1389 suae

337 1402 640 1451 momentis:
663 1400 714 1448 id
736 1399 880 1462 quod
900 1400 1101 1463 propria
1113 1414 1270 1448 manu
1292 1396 1526 1449 testatum
1538 1400 1667 1450 Orbi
1691 1403 1904 1465 reliquit.
1952 1404 2108 1452 Deni-

333 1480 450 1528 que,
474 1462 619 1528 quod
639 1475 780 1512 aetate
803 1463 1025 1526 proveffi
1044 1461 1231 1512 facilius
1262 1464 1313 1511 in
1334 1478 1517 1512 eorum
1542 1467 1851 1513 memoriam
1873 1466 2096 1520 redeant,

373 1545 443 1577 uae
479 1524 760 1592 percepere,
785 1525 838 1576 ut
864 1527 1095 1582 juvenes,
1119 1525 1271 1588 quam
1297 1541 1404 1588 qua:
1433 1525 1652 1582 discunt,
1674 1527 1729 1577 ut
1754 1530 1905 1583 senes,
1924 1532 1975 1578 in
1995 1545 2106 1578 cau-

355 1608 382 1640 a
403 1588 496 1644 est,
515 1591 860 1655 superveniens
895 1588 1104 1638 cerebro
1128 1605 1247 1638 cum
1276 1602 1416 1638 aetate
1438 1590 1639 1640 durities
1654 1625 1666 1645 ,
1687 1591 1792 1640 haec
1813 1595 1950 1642 enim
1978 1594 2100 1641 anti-

341 1669 463 1717 quas
494 1654 675 1719 specics
705 1651 1000 1718 pertinacius
1034 1653 1239 1708 retinet,
1264 1668 1329 1703 ne
1370 1652 1658 1709 elabantur,
1694 1668 1917 1706 recentes
1946 1659 2105 1721 impe-

338 1719 433 1772 dit,
459 1732 524 1765 ne
545 1719 915 1780 imprimantur.

464 1780 662 1831 LEUC:
700 1781 798 1829 Vix
816 1779 1052 1846 superesse
1075 1780 1232 1831 videri
1251 1781 1410 1847 poffet
1425 1815 1437 1838 ,
1459 1780 1558 1832 sive
1581 1782 1729 1832 mihi,
1747 1781 1890 1846 quod
1904 1780 2106 1838 discam,

338 1844 437 1895 sive
467 1843 580 1898 tibi,
604 1843 749 1907 quod
776 1843 838 1893 de
865 1847 1119 1894 memoria
1148 1845 1347 1894 doceas.
1447 1848 1603 1892 MEL:
1674 1849 1756 1896 Ne
1784 1859 1838 1894 tu
1867 1857 2108 1908 tyronem

340 1921 389 1957 te
412 1908 620 1974 probas,
641 1907 704 1955 de
731 1922 836 1971 quo
861 1907 1017 1972 vulgo
1040 1909 1394 1973 proverbium:
1449 1912 1632 1968 Logicws
1651 1913 1806 1955 omnia.
1876 1909 1975 1960 Vel
1995 1909 2028 1958 si
2052 1911 2108 1959 ti-

341 1972 392 2020 bi
420 1987 540 2020 curn
568 1971 779 2020 Platone
808 1971 942 2020 nulla
965 1971 1028 2020 de
1057 1987 1195 2020 novo
1215 1974 1455 2026 Scientia,
1479 1972 1559 2020 sed
1577 1974 1801 2023 Scientiae
1833 1987 1971 2023 nova
2004 1985 2108 2022 tan-

341 2034 454 2083 tiim
474 2036 740 2089 memoria,
756 2033 1068 2089 ediffere,cur
1088 2035 1151 2084 ad
1170 2036 1441 2084 voluntatis
1469 2037 1742 2101 imperium
1770 2051 1907 2085 nunc
1934 2051 2106 2101 prom-

341 2109 435 2163 ptae
457 2096 709 2161 prosiliant
734 2097 855 2146 ideae
869 2131 882 2151 ,
909 2113 1045 2148 nunc
1064 2097 1246 2149 tardius
1266 2096 1631 2162 obsequantur?
1668 2115 1756 2148 cur
1773 2098 1940 2147 solnm
1956 2101 2009 2147 in
2028 2114 2111 2163 ge-

342 2175 490 2214 nere,
521 2158 641 2224 saepe
668 2161 803 2209 nulla
836 2163 888 2209 in
916 2161 1071 2226 specie
1102 2162 1309 2227 species?
1361 2178 1449 2211 cut
1485 2178 1594 2212 non
1618 2177 1881 2224 nunquam
1907 2161 2106 2226 penituS

343 2225 613 2288 imperium
645 2223 919 2273 detra&ent
953 2225 1160 2274 rebelles
1182 2259 1195 2279 ,
1225 2226 1306 2276 vel
1332 2222 1487 2290 longe
1520 2227 1651 2280 aliae,
1682 2224 1838 2287 quam
1870 2228 2107 2280 citentur,

347 2287 639 2350 erumpant?
675 2285 794 2334 cum
818 2299 988 2337 tamen
1007 2289 1068 2337 ad
1093 2291 1313 2354 primum
1336 2291 1516 2338 mentis
1539 2290 1794 2353 Angelicae
1813 2301 1997 2337 nutum
2017 2288 2108 2337 ob-

347 2348 570 2412 sequiosa
588 2349 836 2398 celeritate
859 2365 981 2399 mox
1004 2352 1261 2406 advolent,
1278 2347 1554 2416 iunetisque
1578 2352 1734 2401 veluti
1755 2352 1967 2401 vocibus
1986 2367 2109 2400 con-

348 2413 593 2461 clament<:
629 2412 851 2469 adsumus?
903 2430 990 2463 cur
1015 2430 1124 2464 non
1151 2415 1307 2464 iidem
1345 2418 1394 2466 ὃς
1416 2413 1658 2480 ingeniosi
1682 2418 1732 2466 ὅ(
1758 2415 1888 2463 bene
1908 2430 2109 2464 memo-

352 2490 444 2528 res,
464 2474 545 2523 sed
562 2473 682 2540 saepe
709 2477 796 2539 qui
816 2480 1058 2527 tenuioris
1079 2481 1362 2533 memoriae,
1385 2478 1550 2527 minus
1565 2478 1712 2526 celeri
1737 2481 1788 2529 ὅ(
1807 2490 1959 2527 acuto
1975 2480 2109 2543 inge·
2174 2492 2175 2501 ³

351 2539 445 2592 nio
465 2537 721 2606 polleant?
773 2542 934 2593 curin
961 2542 1218 2601 nonnullis
1248 2544 1609 2612 imaginatione
1629 2539 1742 2595 laesa
1771 2557 1881 2593 non
1902 2540 2107 2592 laedatur

1841 2618 2042 2659 memo-
