2175 2911
386 121 405 152 1
415 120 483 163 44·
989 95 1167 164 Wrgula
1187 102 1405 164 Morphei.

321 200 501 267 proin,
526 208 622 263 pro
646 193 730 246 sua
759 191 935 246 indole
963 194 1157 262 inepta,
1180 196 1388 262 specics,
1413 196 1553 249 velut
1577 198 1851 262 pendentes
1881 198 1934 248 in
1965 200 2078 252 aere
2146 196 2148 217 ἕ

323 261 510 315 nubes,
537 275 673 310 nunc
695 261 748 309 in
783 259 943 314 hanc,
964 275 1099 308 nunc
1126 263 1179 308 in
1209 260 1347 309 illam
1371 274 1534 311 mutat
1561 264 1804 327 figuram,
1827 278 1886 311 ex
1906 261 2077 320 ijsdem

324 321 460 375 varie
482 324 802 378 combinatis,
816 338 953 372 nunc
972 323 1096 377 haec,
1110 339 1244 372 nunc
1264 324 1344 372 illa
1369 324 1593 374 formare
1614 327 1739 374 solet
1761 325 1922 379 Idola,
1935 340 1989 374 ut
2009 326 2079 375 nil
2148 354 2150 361 ι

324 402 433 437 tam
459 383 819 452 praeposterum
837 419 851 441 ,
877 386 947 435 nil
979 399 1083 434 tam
1120 383 1465 436 monstrosum
1491 389 1701 453 cogitari
1729 401 1906 451 queat,
1936 389 2079 451 quod
2148 389 2150 443 J

327 448 411 501 sua
429 449 642 513 Virgula
669 465 837 498 creare
867 462 1086 512 nequeat
1114 448 1418 514 Morpheus,
1444 451 1529 499 etsi
1559 454 1800 514 imagines
1843 452 1988 499 nullae
2019 451 2079 500 de
2148 479 2150 505 2

328 529 476 564 novo
498 512 709 562 sensibus
722 515 925 561 internis
940 513 1195 560 accedant.
1264 514 1334 560 Ex
1352 511 1425 560 his
1454 513 1555 569 iam
1575 509 1720 562 facile
1748 514 1906 576 liquet
1944 512 2087 566 imo,

328 594 417 626 cur
437 577 543 626 haec
562 576 660 641 ipsa
681 592 791 625 non
811 577 1037 624 accidant
1055 576 1399 639 vigilantibus?
1435 573 1603 625 anima
1621 578 1776 630 enim,
1797 576 1860 624 ad
1882 577 2082 626 clavum
2150 615 2151 619 ,

327 642 556 693 sedente,
579 637 724 688 ceffat
746 638 1006 690 confusio,
1031 654 1240 703 vapores
1269 638 1454 687 turbidi
1487 655 1597 687 non
1624 638 1927 688 obnubilant
1955 654 2083 687 cere·
2150 644 2152 682 ἰ

327 704 476 753 brum
491 737 504 757 ,
529 717 623 752 nec
643 703 828 766 spiritus
843 737 855 753 ,
877 699 1002 765 vaga
1027 699 1239 755 lieentia,
1259 702 1657 757 tumultuantur,
1678 698 1959 777 speciesque
1979 718 2083 766 per-

327 767 546 816 turbant.
613 766 798 828 Liquet
839 764 941 814 2do
958 798 970 818 ,
994 781 1081 813 cur
1102 766 1188 813 sub
1211 781 1449 815 auroram
1474 765 1701 820 clariora,
1726 780 1994 827 minusque
2015 766 2084 814 di·

328 828 486 880 storta
512 829 606 878 fint
623 828 842 877 somnia?
885 830 1002 890 quia
1029 843 1214 900 nempe
1242 844 1495 893 vaporum
1525 830 1700 898 copia,
1720 827 1887 876 somni
1908 829 2081 877 decur-

330 894 383 943 su
406 894 504 949 iam
529 892 802 944 diminuta,
822 891 1023 956 ipsaque
1046 891 1302 955 spirituum
1327 893 1529 955 agitatio
1554 907 1654 948 Jam
1672 891 1801 938 faCta
1821 888 2084 943 remissior,
2150 907 2153 910 ’

331 971 443 1005 non
463 957 529 1003 ita
543 954 770 1004 sensuum
789 957 1109 1004 internorum
1129 954 1413 1005 functiones
1436 953 1709 1023 perturbat.
1755 954 1939 1015 Liquet
1962 952 2085 1010 3tio‚
2151 990 2166 1014 2.

331 1034 424 1068 cur
441 1020 646 1066 ineunte
667 1019 879 1071 somno,
899 1016 1163 1082 praesertim
1191 1016 1225 1064 s1
1257 1016 1285 1064 a
1312 1023 1481 1064 menia
1515 1013 1681 1063 statim
1710 1016 1773 1062 ad
1800 1017 2084 1069 culcitram,
2151 1030 2165 1075 ἰ·-

333 1097 444 1131 non
472 1078 610 1128 illico
638 1092 904 1143 appareant
928 1079 1150 1126 somnia?
1186 1080 1302 1138 quia
1319 1092 1533 1148 vapores
1560 1076 1908 1125 vehementius
1937 1080 2086 1141 agita-

332 1147 395 1195 ti,
415 1143 479 1190 sic
500 1141 825 1188 confundunt
841 1142 1110 1202 imagines,
1139 1151 1194 1187 ut
1218 1140 1372 1188 veluti
1399 1140 1451 1187 in
1473 1136 1604 1202 aqua
1624 1138 1787 1194 motti,
1811 1156 1869 1188 ac
1888 1138 2085 1190 turbida
2135 1130 2155 1145 ”

330 1202 641 1253 evanescant.
709 1203 832 1251 Haec
851 1203 949 1267 ipsa
970 1203 1100 1251 ratio
1129 1201 1373 1256 declarat,
1394 1218 1482 1251 cur
1508 1203 1796 1251 temulentis
1822 1206 1872 1253 ὅ(
1892 1202 2087 1252 helluo·
2154 1230 2155 1254 ;

329 1267 501 1320 nibus,
527 1265 608 1314 vel
631 1265 793 1318 nulla,
822 1265 903 1316 vel
926 1263 1134 1315 confusa
1157 1279 1425 1329 appareant
1452 1265 1677 1314 somnia?
1711 1282 1833 1315 nam
1861 1265 1984 1315 ficut
2014 1282 2086 1315 ra·
2153 1278 2156 1313 ῑ

330 1329 445 1378 dios
469 1340 616 1381 rotae,
645 1325 922 1377 citatissima
949 1330 1189 1392 vertigine
1209 1329 1519 1377 circumastae
1534 1361 1547 1382 ,
1570 1344 1679 1377 non
1697 1331 1930 1394 percipis,
1966 1328 2087 1378 ficut
2153 1346 2165 1378 2‘

329 1392 643 1443 circulorum
660 1390 932 1445 Maeandri,
954 1406 1042 1455 per
1071 1392 1234 1454 plures
1266 1391 1491 1463 lapillos,
1516 1389 1693 1456 stagno
1731 1393 1938 1450 mjcdos
1955 1426 1968 1446 ‚
1993 1392 2086 1441 sese

332 1454 657 1508 intersecant,
689 1466 841 1517 atque
869 1453 1196 1503 confundunt
1219 1487 1231 1508 ,
1264 1467 1332 1503 ita
1362 1454 1635 1504 turbulenti
1661 1471 1901 1518 vapores,
1938 1467 2088 1505 motu
2154 1460 2156 1477 ²

333 1520 425 1569 suo
447 1519 698 1584 perplexas
718 1517 937 1566 reddunt
955 1518 1210 1580 imagine5‚
1226 1517 1492 1568 somnianti
1514 1534 1622 1566 non
1646 1516 1789 1568 facile
1814 1518 2089 1568 discernen-

334 1582 438 1631 das.
505 1582 691 1644 Liquet
716 1580 959 1643 denique,
979 1595 1067 1629 cur
1090 1581 1240 1642 aliqui
1260 1577 1370 1628 tota
1392 1578 1494 1630 vita
1517 1597 1627 1629 non
1649 1581 1935 1631 somnient?
1971 1583 2086 1645 quia

335 1644 527 1709 spiritus
561 1643 749 1692 habent
777 1656 884 1692 tam
917 1644 1094 1707 agiles,
1117 1641 1413 1705 tantamque
1446 1643 1830 1708 exspirationum
1859 1647 1963 1694 vim
1996 1645 2088 1701 eja-

336 1707 568 1756 culantur
588 1709 640 1755 in
669 1707 959 1761 cerebrum,
990 1719 1044 1756 ut
1071 1703 1392 1756 ostendendis
1418 1721 1506 1770 per
1534 1709 1758 1770 quietem
1786 1708 2087 1770 imaginibus

335 1770 514 1820 locum
539 1765 751 1818 minime
771 1769 1072 1818 concedant.

463 1834 664 1884 LEUC:
742 1833 873 1882 Mihi
904 1830 1039 1882 certe
1070 1833 1169 1889 jam
1206 1848 1315 1882 non
1344 1833 1589 1886 occurrit,
1621 1832 1763 1897 quod
1791 1833 1853 1882 de
1885 1833 2088 1891 somniis

338 1897 558 1946 curiosus
579 1896 830 1960 indagem.
900 1893 1106 1945 Hastam
1135 1896 1404 1960 suspendo,
1435 1896 1466 1945 si
1490 1896 1611 1959 quid
1635 1909 1867 1945 occurrat
1897 1897 2012 1952 tibi,
2037 1902 2089 1948 ὅ(

339 1960 613 2024 Sphingem
633 1975 724 2024 age
744 1959 1081 2024 &Oedipum.
1147 1962 1306 2007 MEL:
1376 1960 1610 2008 Occurrit
1631 1962 1844 2023 aenigma
1862 1963 2086 2016 unicum,

343 2022 488 2084 quod
512 2022 739 2072 discursui
761 2019 937 2070 nostro
962 2025 1193 2087 imponet
1215 2023 1491 2087 epilogum.
1561 2024 1724 2072 Datur
1741 2027 1793 2072 in
1809 2039 1981 2073 rerum
2004 2040 2087 2074 na-

343 2096 455 2133 tura
477 2086 636 2131 malum
663 2085 899 2142 laetificans,
928 2086 1071 2135 datur
1101 2086 1253 2133 bonum
1285 2085 1559 2139 contristans:
1613 2086 1734 2149 quid
1760 2087 1921 2136 illud?
1955 2086 2088 2136 som-

344 2149 488 2197 nium
518 2147 673 2201 dices,
700 2150 749 2197 &
775 2148 985 2199 merito:
1022 2164 1140 2198 nam
1167 2150 1436 2198 somniavit
1453 2150 1741 2214 Principum
1767 2166 1877 2199 non
1900 2166 2086 2206 neum,

345 2211 538 2274 sceptro
561 2210 606 2257 se
626 2209 888 2273 spoliatum
903 2245 915 2267 ,
942 2215 992 2263 ὃς
1011 2210 1227 2279 purpura
1242 2246 1253 2265 ,
1274 2228 1383 2261 non
1406 2213 1508 2270 jam
1525 2212 1673 2262 Craefi
1694 2213 1897 2278 palatia,
1920 2213 2002 2262 sed
2022 2215 2089 2264 Iri

346 2273 593 2336 mappalia
615 2272 706 2320 sese
727 2274 972 2323 incolere:
1012 2277 1284 2340 evigilavit,
1306 2279 1355 2326 ὃ(
1378 2276 1476 2325 una
1506 2292 1625 2326 cum
1655 2276 1858 2326 somnio
1889 2277 2086 2325 fallaces

349 2337 552 2385 umbras
577 2336 712 2384 laetus
738 2335 966 2385 discussit:
1004 2341 1089 2389 en!
1125 2340 1282 2389 malum
1303 2338 1531 2397 laetificans.
1631 2341 1739 2389 Fuit
1759 2342 1808 2389 δε
1831 2340 1978 2392 alius,
2008 2355 2085 2388 ca-

349 2397 558 2447 thedtali
577 2397 778 2447 honore
807 2399 1123 2464 conspicuus,
1144 2404 1255 2465 qui,
1277 2402 1397 2452 cum
1414 2404 1623 2467 gemino
1641 2405 1692 2450 in
1714 2402 1836 2450 loco
1852 2432 1866 2453 ,
1889 2400 2086 2465 Episco-

349 2476 444 2575 hos
473 2461 574 2510 vita
600 2459 744 2510 fimul
767 2463 817 2512 ὅ(
849 2462 1055 2526 dignitas
1093 2464 1391 2521 deseruisset,
1424 2468 1677 2526 utriusque
1702 2462 1984 2512 honoribus
2015 2466 2088 2512 in-

385 2527 489 2576 ians
505 2556 518 2579 ‚
545 2523 700 2578 nostu
725 2539 812 2590 per
831 2523 1114 2586 somnium,
1138 2529 1268 2582 duos
1288 2529 1376 2580 fibi
1396 2528 1601 2580 baculos
1624 2523 1794 2576 offerri
1815 2526 2085 2599 conspexit,

1862 2591 2022 2651 iisque
