2175 2911
682 136 917 184 Academia
946 136 1196 188 Brutorum.
1653 155 1676 190 1
1687 153 1710 186 2
1718 152 1740 199 3

73 237 209 289 gano
231 226 364 275 virus
385 224 646 274 inimicum
681 223 951 287 depellunt.
1052 226 1293 276 Exercent
1323 225 1566 284 bufones,
1599 231 1685 292 qui
1708 229 1807 281 sali-

74 284 169 340 vai
191 284 443 340 Mustelae,
463 302 571 350 quae
596 283 706 335 ruta
731 290 777 335 se
804 286 866 336 ad
886 286 1107 351 praelium
1134 304 1344 339 armant.
1443 291 1544 341 Sibi
1564 293 1811 356 applicant

74 365 247 404 canes,
267 365 383 399 cum
399 346 631 398 aestuante
654 349 752 398 bile
771 347 895 398 nota
914 346 1067 398 herba
1087 349 1173 399 fibi
1187 355 1441 402 vomitum
1455 367 1646 402 creant:
1685 354 1810 410 Ursi,

73 411 197 462 dum
219 409 441 461 comesta
453 409 586 461 forte
601 413 807 461 mandra
843 428 933 461 ora
953 411 1282 463 formicarum
1304 417 1383 465 esu
1403 417 1447 464 se
1470 417 1514 464 se
1536 414 1811 467 restituunt:

74 473 186 525 imo
208 473 755 539 stupidiffimiArcadiae
775 491 802 523 c
823 475 1025 530 itellarij,
1047 474 1170 523 dum
1193 490 1293 526 atra
1313 479 1410 527 bile
1429 479 1709 528 laborantes
1729 497 1815 530 co-

76 538 292 587 medunt
314 538 548 602 asplenon
565 571 578 591 ,
599 533 874 602 splenisque
907 536 1085 586 finiunt
1106 549 1380 589 tumorem.
1478 543 1613 591 Sileo
1630 544 1816 600 Pascato-

77 603 215 652 riam,
239 616 393 663 quam
421 601 597 650 callida
624 614 817 649 exercet
847 601 1043 665 vulpes,
1069 599 1193 648 dum
1207 603 1364 652 cauda
1388 604 1531 653 undis
1550 604 1814 661 immersa,

75 663 432 712 admordentes
457 679 688 717 cancros,
707 660 1252 728 pisciculosve,‘villolo
1266 667 1417 714 veluti
1439 666 1613 722 hamo,
1643 672 1693 718 in
1715 684 1818 717 cre-

74 726 299 791 pidinem
322 727 464 782 ejicit.
563 728 692 775 Non
718 741 1085 775 commemoro
1108 726 1406 779 Venatoriam‚
1429 745 1583 792 quam
1596 730 1816 786 norunt,

74 789 139 837 ad
161 790 334 837 Dianae
357 789 549 837 delicias
563 790 788 851 prompti
808 789 999 852 semper
1016 790 1281 838 latrantum
1294 793 1559 855 manipuli:
1595 809 1704 842 non
1723 797 1818 841 Au-

74 853 363 910 cupatoriam‚
389 850 524 905 cujus
545 853 795 913 specimen
823 852 1043 914 praebent
1063 853 1299 907 Araneae,
1323 853 1448 901 dum
1471 853 1637 904 musca
1659 858 1710 903 in
1742 871 1819 905 ex-

74 911 236 960 tensos
257 910 402 959 caffes
418 908 704 977 improvide
722 914 970 962 incidente
984 948 996 968 ,
1017 932 1140 965 mox
1162 931 1219 963 ex
1236 915 1431 972 insidiis,
1455 930 1729 981 proruunt,
1746 933 1821 966 re-

73 974 204 1022 tibus
221 986 418 1037 captam
446 976 741 1029 involvunt,
763 974 1047 1026 involutam
1070 991 1278 1032 necant,
1300 979 1528 1028 enedram
1552 979 1820 1034 aufferunt,

73 1039 125 1087 ὅ(
146 1036 231 1086 ubi
261 1037 452 1086 suaserit
486 1039 668 1091 fames,
712 1038 1054 1102 depascuntur,
1151 1043 1209 1091 Id
1233 1041 1426 1091 filcntio
1456 1045 1699 1106 praeterire
1719 1042 1824 1092 fine

75 1099 249 1156 injuria
271 1101 562 1148 animalium
583 1115 784 1162 nequeo
799 1134 811 1153 ,
830 1101 974 1163 quod
997 1107 1044 1153 ὅ(
1066 1103 1302 1152 homines
1325 1104 1387 1152 ab
1405 1106 1495 1153 illis
1514 1106 1695 1155 discere
1712 1121 1824 1157 non

77 1162 380 1212 erubuerint.
451 1164 740 1212 Palamedes
762 1161 894 1213 certe
919 1161 1258 1212 Grammaticam
1273 1165 1301 1215 a
1316 1167 1521 1217 Cadmo
1541 1170 1818 1224 inventam,

79 1227 127 1274 V
151 1229 200 1275 ὅ(
222 1228 266 1274 Y
287 1226 455 1274 litteris
467 1228 622 1280 auxit,
640 1241 696 1274 ex
722 1227 922 1275 Gruum
945 1229 1146 1283 volatu,
1169 1244 1275 1292 quo
1296 1241 1377 1290 per
1396 1229 1543 1277 nubila
1562 1235 1729 1279 texitur
1744 1234 1822 1279 altis
1847 1233 2063 1295 (Madd-7

81 1289 232 1336 littera
246 1321 258 1342 ,
275 1287 590 1351 pennarquue
614 1292 722 1334 notis
749 1288 992 1346 inscribitur
1012 1298 1103 1338 a'e‘r.
1186 1294 1315 1342 Non
1336 1309 1493 1357 pauca
1521 1298 1731 1340 Botam'cae
1753 1311 1825 1344 ar-

75 1367 202 1400 cana
220 1351 248 1401 a
269 1353 427 1400 Brutis
448 1349 663 1401 didicisse
694 1350 911 1400 fatentur
931 1353 1147 1401 Medici:
1185 1355 1246 1402 ab
1271 1356 1659 1420 Hippopotamo
1688 1357 1826 1422 phle-

81 1414 372 1464 botomiam
413 1447 426 1469 ,
488 1414 550 1463 ab
595 1413 719 1463 Iside
754 1411 974 1478 clysteria
1015 1415 1062 1463 se
1113 1419 1406 1479 cognovisse
1453 1418 1667 1482 chirurgi
1713 1419 1829 1469 affe·

79 1490 220 1527 runt:
256 1477 342 1543 ipsi
360 1475 670 1527 Architalassi
696 1481 834 1526 navis
855 1477 1083 1541 regendae
1108 1478 1288 1528 Artem
1313 1479 1340 1527 a
1360 1481 1538 1533 milvo,
1560 1480 1690 1529 flexu
1713 1497 1826 1531 cau-

81 1540 155 1589 dae
178 1543 268 1590 iter
290 1541 432 1591 suum
451 1557 538 1605 per
566 1542 679 1589 ae'ra
705 1540 971 1604 dirigente,
994 1540 1210 1590 didiciffe
1244 1541 1289 1589 se
1315 1543 1618 1606 gloriantur,
1642 1544 1825 1591 Naturd
1850 1545 1905 1592 L.
1932 1556 2012 1595 10.

74 1602 414 1665 praemonstrante
434 1608 478 1649 in
496 1610 618 1657 αένε,
636 1605 736 1665 quid
756 1606 799 1648 in
818 1619 928 1666 aqua
936 1602 1038 1661 fieri
1059 1616 1268 1664 oporteat,
1295 1609 1364 1654 uti
1379 1606 1602 1668 loquitur
1625 1606 1824 1661 Plinius,
1850 1625 1886 1656 c.
1912 1621 1984 1655 10.

81 1668 287 1717 Naturae
308 1667 510 1715 celebris
526 1662 881 1715 EncomiastCS.
1007 1669 1103 1714 EL:
1171 1668 1389 1717 Plinium
1408 1672 1457 1718 N
1465 1681 1611 1718 aturae
1627 1701 1639 1722 ,
1660 1682 1709 1717 te
1728 1673 1828 1718 ani-

80 1729 293 1778 malium
317 1729 498 1794 probas
520 1726 896 1778 Encomiasten:
934 1730 1055 1792 quid
1085 1727 1324 1795 superest?
1359 1731 1445 1779 nifi
1479 1744 1533 1780 ut
1565 1735 1753 1782 auritos
1781 1748 1830 1781 c-

81 1793 206 1840 tiam
225 1791 448 1841 Arcades
471 1792 709 1856 epomide
732 1808 879 1841 ornes
895 1825 908 1846 ,
931 1808 987 1842 ac
1011 1795 1061 1842 in
1081 1794 1416 1843 Academiam
1431 1795 1832 1849 Brutorum,ho·

84 1857 243 1903 mines
266 1855 566 1904 erudiendos
589 1857 782 1905 invites.
848 1856 948 1905 Sed
973 1856 1151 1906 falleris
1167 1890 1179 1911 ,
1201 1857 1301 1906 alio
1329 1860 1631 1922 argumentis
1650 1857 1724 1907 his
1744 1875 1830 1909 na-

84 1919 220 1981 vigas
239 1949 254 1971 ,
285 1917 560 1981 quamquo
594 1919 702 1968 vela
728 1920 957 1969 intendis.
1036 1921 1185 1969 Bruta
1217 1936 1359 1983 agere
1378 1922 1604 1976 secundam
1628 1925 1826 1978 Artem,

84 1980 578 2044 concedimus,quod
589 1993 738 2045 agant
755 1999 811 2028 ex
827 1985 956 2033 Arte,
972 1998 1228 2047 negamus,
1242 1987 1289 2032 ἃ
1309 1999 1655 2048 pernegamus.
1724 1986 1826 2036 Ars

88 2046 225 2092 enim
240 2075 253 2097 ,
272 2042 306 2091 si
325 2044 616 2093 Do&orum
634 2045 842 2109 Angelo
869 2046 1117 2094 credimus
1131 2079 1144 2099 ,
1168 2046 1236 2093 est
1255 2049 1466 2093 ordinatio
1498 2051 1676 2094 rationv's
1704 2050 1758 2092 ad
1768 2047 1826 2106 fi-

86 2121 205 2152 nem.-
243 2110 351 2169 quis
374 2120 542 2156 autem
562 2108 723 2157 Brutis
745 2108 1044 2163 adjudicabit
1067 2110 1271 2158 rationis
1300 2109 1578 2158 distamen?
1614 2112 1723 2173 quis
1742 2127 1830 2160 co-

83 2170 369 2234 gnitionem
388 2170 449 2218 ad
473 2171 662 2234 regulas
687 2183 875 2219 certam
891 2202 905 2225 ,
940 2173 989 2220 vi
1018 2171 1153 2227 cujus
1174 2171 1389 2220 efficiant
1409 2189 1537 2237 opus
1559 2175 1677 2222 utile
1698 2174 1759 2222 ad
1779 2173 1832 2222 fi-

85 2248 208 2282 nem
230 2234 521 2281 intentum?
554 2249 712 2282 nemo
734 2232 925 2287 hercle,
957 2233 1043 2282 nisi
1073 2236 1258 2284 Circeis
1273 2232 1515 2299 praestigiis
1536 2239 1585 2285 in
1618 2237 1830 2286 Brutum

86 2294 282 2363 penitus
306 2292 629 2359 degenerarit.
697 2297 875 2360 Agunt
897 2299 1042 2359 igitur
1054 2297 1276 2355 secundam
1306 2302 1464 2344 Artem
1479 2334 1491 2350 ,
1515 2297 1744 2363 opusque
1763 2298 1831 2346 ef-

89 2360 264 2411 ficiunt
278 2391 291 2411 ,
313 2371 423 2407 utut
443 2359 715 2407 conforme
735 2359 931 2423 regulis,
952 2375 1061 2408 non
1078 2372 1248 2409 tamen
1272 2361 1586 2411 elaboratum
1609 2363 1670 2411 ad
1692 2376 1832 2424 regu-

56 2459 59 2463 .
90 2424 177 2474 las.
246 2422 396 2471 Castis
417 2418 511 2475 est,
541 2423 774 2470 naturalis
796 2418 1074 2477 instinims,
1092 2423 1191 2472 sive
1212 2423 1490 2478 necessitas,
1512 2440 1620 2488 quae
1642 2426 1822 2472 Artem

94 2490 144 2537 &
164 2486 401 2537 imitatur,
420 2487 470 2534 ὅ(
488 2485 608 2549 saepe
628 2486 777 2533 etiam
800 2484 1013 2549 superat:
1029 2485 1095 2535 sic
1114 2488 1424 2552 Protogenes
1444 2488 1505 2536 de
1517 2488 1641 2537 Arte
1664 2500 1826 2548 quon·
1854 2482 2070 2533 Plin.l.u'

97 2550 214 2601 dam
247 2547 529 2614 desperans,
550 2563 650 2612 qua
677 2548 907 2616 spumam
937 2547 1210 2604 anhelantis
1239 2549 1450 2605 Moloffi
1473 2546 1647 2602 frustra
1677 2550 1829 2611 expri-
1850 2562 1887 2594 c.
1896 2561 1946 2607 9.

910 2612 1029 2683 Qz
1627 2626 1769 2664 mere
