2175 2911
383 109 451 158 94
962 89 1080 142 Circe
1103 90 1408 154 Philofhphica,

314 187 528 240 minime
555 185 820 240 somniasse
851 186 896 238 se
927 190 1164 246 credunt,
1193 188 1485 253 dicuntque.
1586 187 1728 253 Quin
1756 187 2074 253 vigilantibus

315 269 528 317 quoque
551 253 616 304 sic
642 254 765 318 saepe
793 252 981 308 illudit,
1012 267 1066 304 ut
1093 257 1309 303 extaticae
1338 253 1595 318 pervagari
1623 255 1762 307 ae'ra,
1784 248 2077 316 Bacchique

315 319 484 382 Orgijs
504 319 730 368 intereffe
751 315 838 366 fibi
856 317 1202 381 persuadeant,
1228 317 1351 366 dum
1377 314 1567 365 interea
1597 331 1706 365 non
1737 315 1824 365 nisi
1852 317 2076 368 natitass‘e

312 385 366 432 in
392 383 554 437 liceo,
581 385 631 432 ὃς
654 397 749 431 nec
776 383 960 446 pedem
980 395 1112 431 extra
1141 380 1419 429 thalamum
1450 378 1661 428 movisse
1692 379 2077 445 deprehendun-

313 457 422 495 tur:
458 447 669 496 haecillL
734 447 891 494 MEL-
955 447 1217 511 signanter
1240 447 1333 498 ais,
1361 443 1467 492 haec
1489 444 1581 491 illi:
1620 440 1883 498 dicere,ni
1904 444 2072 500 fallor,

312 513 474 576 cupis,
510 509 616 559 haec
642 510 711 558 illi
731 508 1047 574 Philosophi,
1080 510 1107 558 ὲ
1136 508 1328 556 saniore
1355 509 1590 572 Peripato
1620 507 1817 556 dudum
1844 523 1938 556 nec
1967 507 2071 558 fine

311 570 540 638 stigmate
568 574 854 639 proscripti,
879 577 993 636 quia
1016 574 1228 621 veritatis
1247 571 1419 620 osores
1434 604 1447 626 ,
1468 573 1586 637 quia
1601 572 1882 636 Magorum
1910 571 2077 623 fauto-

309 653 412 692 res,
441 635 787 701 'Sagarumque
817 637 1127 701 protestor&
1162 636 1411 685 Lutherus
1433 668 1446 689 ,
1474 638 1529 684 ὃ(
1562 634 1926 684 Melanchton!
1973 634 2071 700 pro

311 713 500 763 quanta
525 703 764 754 nomina,
788 699 1014 764 gloriosis
1031 695 1295 749 illustriora
1316 698 1581 755 incendiis,
1606 697 1768 761 quam·
1793 697 1820 746 a
1840 697 2073 749 fumante

309 761 630 814 Herostratus
651 763 868 828 Epheso!
907 763 1036 817 haec,
1064 766 1287 825 inquam,
1309 763 1378 811 illi
1398 760 1713 826 Philosophi,
1737 761 1917 824 quibus
1941 778 2072 826 quae-

308 830 382 878 vis
407 828 604 877 dicendi
631 827 789 877 libido
815 827 968 876 ferrea
985 859 1000 880 ,
1021 826 1089 875 sic
1111 826 1311 875 dudum
1327 826 1432 883 ‚iam
1447 837 1729 874 armaverat
1758 826 2003 880 frontem,
2019 840 2073 876 ut

305 888 570 940 fitstineant
592 892 796 940 immoti
816 890 1109 939 Dostorum
1128 901 1426 938 torrentem.
1491 888 1638 957 Quid
1659 890 1825 935 enim?
1860 888 1940 937 sit:
1960 890 2072 955 posl

305 954 353 1003 se
371 953 434 1003 fic
455 954 616 1019 decipi
635 956 835 1018 Magos,
855 952 1156 1015 illusumque
1176 952 1240 1001 sic
1263 951 1403 1000 subin
1425 952 1560 1015 Sagis
1581 969 1595 999 t
1652 947 1846 1014 ergone
1879 952 2070 1016 semper

305 1016 371 1067 fic
394 1017 608 1066 luditur?
647 1016 764 1065 vah!
802 1013 1153 1079 praeposteram
1182 1014 1420 1075 arguendi
1444 1014 1836 1074 libidinem,quae
1855 1013 1890 1062 fi
1913 1028 2067 1071 tenet,

305 1081 505 1129 vacillat
532 1081 687 1130 ratio,
718 1079 818 1125 ruit
848 1073 1084 1124 historica
1108 1075 1261 1128 fides,
1292 1071 1563 1122 manifestis
1588 1077 1704 1123 nixa
1733 1080 2071 1139 experientijs,

305 1142 431 1191 fallit
462 1142 709 1190 unanimis
737 1141 1026 1188 Nationum
1056 1139 1295 1186 omnium
1315 1169 1329 1189 ,
1357 1138 1409 1186 ,ὃς
1440 1148 1644 1185 aetatum
1679 1136 1862 1186 sensus:
1894 1155 2003 1203 quae
2034 1142 2070 1191 ss

302 1217 502 1258 tenent,
526 1198 702 1258 injusta
725 1201 835 1251 sunt
868 1200 1156 1254 tribunalia,
1180 1200 1374 1250 frivolae
1395 1199 1760 1263 inquisitiones,
1783 1201 1913 1252 sacra
1932 1204 2066 1254 The-

301 1269 399 1315 mis
420 1267 649 1330 sacrilega
661 1298 676 1320 ,
695 1280 806 1328 quae
824 1264 964 1316 ferro
976 1297 990 1317 ⁷
1011 1267 1066 1316 Δἑῗίιῑ
1088 1265 1322 1329 sanguine
1342 1265 1606 1329 *extirpavit
1624 1260 1824 1315 scelesta
1841 1266 1948 1316 haec
1971 1270 2070 1319 Or-

302 1333 409 1394 gia,
435 1332 542 1396 ipsae
582 1327 919 1379 confessiones
944 1329 1226 1391 Magorum
1252 1361 1265 1382 ,
1289 1339 1372 1376 -tot
1405 1327 1694 1385 juramentis
1724 1328 2070 1386 ·.confirmatae,

302 1394 484 1444 fallunt
519 1395 750 1456 turpiter,
771 1390 1063 1456 turpiusque
1094 1392 1358 1440 falluntur:
1414 1406 1524 1454 quae
1546 1394 1655 1455 quis
1675 1391 1834 1448 dicet,
1856 1393 1944 1443 nifi
1966 1395 2068 1445 Lu-

300 1457 471 1506 therus
489 1455 656 1511 fit,vel
675 1455 1029 1508 Melanchton,
1051 1455 1231 1521 quibus
1251 1454 1521 1521 impudens
1539 1455 1930 1524 philosophandi
1952 1473 2069 1523 pro-

303 1522 460 1569 tervia
484 1519 678 1568 dudum
709 1515 910 1568 abstulit
933 1532 1043 1566 non
1067 1519 1312 1568 ruborem
1338 1519 1708 1575 solummodo,
1730 1520 1814 1571 sed
1843 1524 1894 1571 <Sc
1926 1522 2066 1571 fron-

301 1584 439 1632 tem?
491 1581 669 1631 falsitas
697 1579 783 1630 ista
817 1594 871 1630 ut
896 1581 1067 1632 adhuc
1107 1584 1267 1646 magis
1290 1582 1609 1646 protrahatur
1632 1586 1688 1634 in
1711 1585 1879 1636 lucem
1894 1587 2069 1646 ,lubet

302 1646 527 1695 curiosos
557 1643 732 1696 afferre
748 1647 898 1700 ritus,
915 1660 1052 1710 -quos
1076 1649 1132 1699 ,in
1160 1645 1237 1696 his
1261 1646 1425 1711 Orgijs
1440 1679 1453 1700 ,
1477 1649 1774 1709 neutiquam
1799 1647 2066 1712 phantasti-

301 1725 392 1758 cos
415 1707 685 1772 vulgarunt
706 1713 806 1763 -rei,
836 1706 1120 1774 scriptoque
1144 1707 1388 1760 notarunt
1410 1709 1553 1760 vsacrae
1573 1709 1803 1760 Nemesis
1823 1710 2061 1762 Admini-

300 1770 396 1822 stri.
466 1774 528 1822 Et
552 1775 796 1838 imprimis
817 1772 1212 1836 quidentbiduo
1239 1773 1603 1823 ante.Solennia
1619 1774 1822 1837 Magica
1847 1771 1983 1822 adest
2004 1791 2064 1827 ex

300 1839 448 1888 Orco
471 1837 661 1886 Genius
677 1869 690 1890 ,
721 1851 878 1899 quem
901 1839 1125 1887 volatica
1139 1838 1206 1886 de
1223 1837 1359 1887 tribu
1382 1837 1566 1900 quaevis
1586 1838 1869 1901 proprium,
1899 1835 2065 1889 custo-

301 1901 392 1949 diae
415 1900 507 1950 suae
532 1900 857 1964 deputatum,
878 1900 1058 1955 habet,
1078 1917 1140 1951 ‚ac
1171 1898 1340 1951 modo
1357 1896 1699 1963 Magisteruli,
1722 1915 1858 1949 nunc
1887 1902 2064 1952 Marti-

302 1966 424 2012 netti
448 1965 661 2012 nomine
685 1965 923 2029 appellat:
948 1962 1111 2016 adest,
1130 1967 1363 2029 inquam,
1380 1967 1436 2013 ἀ
1457 1964 1683 2013 Plutonis
1702 1962 1968 2014 Amafiam
1989 1968 2062 2017 in-

299 2028 424 2075 vitat
440 2026 469 2075 a
486 2028 639 2080 'latere
653 2028 1084 2093 Lega1.us,7locum
1103 2028 1294 2081 indicit,
1310 2031 1363 2082 ὃς
1384 2027 1596 2080 horams
1625 2026 2061 2091 impedimentum

299 2103 482 2139 verum
506 2088 542 2138 fi
570 2089 729 2145 adsit,
749 2091 1005 2144 excusatur
1030 2091 1254 2157 Hospes:
1293 2091 1327 2140 s1
1360 2091 1695 2158 praetendatur
1722 2089 1927 2147 finum,
1952 2109 2062 2143 non

299 2153 521 2216 cogitur:
560 2153 694 2202 luere
722 2167 894 2204 tamen
913 2155 1065 2205 debet
1087 2155 1406 2209 socordiam,
1423 2155 1554 2203 -dum
1570 2156 1772 2204 interim
1791 2166 1872 2204 tot
1894 2156 2061 2205 obrui-

300 2226 382 2264 tur
401 2214 575 2271 taedijs,
598 2211 781 2279 totque
802 2219 1067 2270 doloribus
1098 2220 1368 2272 cruciatur,
1389 2231 1445 2268 ,ut
1464 2219 1641 2284 quietis
1663 2233 1859 2283 expers,
1878 2218 2056 2269 cun-{ta

303 2292 413 2341 quae
436 2279 534 2342 agit
550 2310 562 2331 ,
586 2293 697 2342 agat
725 2283 844 2331 Fato
876 2279 1205 2347 praepostero,
1227 2281 1486 2346 telamque
1516 2283 1794 2347 Penelopes
1820 2281 1959 2330 irrito
1989 2282 2057 2332 la-

302 2340 431 2391 bore
459 2353 623 2389 texere
656 2341 701 2389 se
731 2343 1086 2408 deprehendat.
1179 2348 1331 2399 ,Hora
1356 2348 1523 2398 ,itineri
1547 2342 1784 2395 destinata
1814 2342 1897 2390 ubi
1928 2346 2056 2395 inso-

303 2405 430 2458 nuit,
452 2419 575 2454 mox
593 2406 792 2454 intonat
812 2422 975 2458 cornu
997 2409 1274 2460 cursorium
1292 2427 1389 2476 prae
1412 2409 1606 2460 foribus
1638 2418 1830 2474 paratus
1852 2406 2053 2458 Rheda-

301 2469 429 2522 rius,
449 2466 548 2518 five
571 2467 688 2517 dein
717 2470 895 2534 aurigae
911 2505 923 2525 ‚
945 2471 1045 2522 five
1077 2475 1203 2524 novi
1227 2473 1395 2539 Pegafi
1424 2487 1636 2524 munera
1662 2469 1914 2518 obiturus:
1950 2471 2055 2523 fine

302 2546 454 2585 mora
473 2530 728 2601 pudorem
747 2547 962 2590 omnem
988 2550 1162 2598 exutae,
1184 2534 1215 2592 ὲ
1240 2536 1394 2593 strato
1421 2536 1518 2590 sese
1531 2533 1812 2602 proripiunt
1833 2533 2020 2587 Lamiae
2033 2572 2055 2598 ,,

1768 2610 1990 2660 unguen-

2154 2325 2164 2442 l
