<?xml version="1.0" encoding="UTF-8"?>
<!DOCTYPE html PUBLIC "-//W3C//DTD XHTML 1.0 Transitional//EN"
    "http://www.w3.org/TR/xhtml1/DTD/xhtml1-transitional.dtd">
<html xmlns="http://www.w3.org/1999/xhtml" xml:lang="en" lang="en">
 <head>
  <title>
</title>
<meta http-equiv="Content-Type" content="text/html;charset=utf-8" />
  <meta name='ocr-system' content='tesseract 3.04.00' />
  <meta name='ocr-capabilities' content='ocr_page ocr_carea ocr_par ocr_line ocrx_word'/>
</head>
<body>
  <div class='ocr_page' id='page_1' title='image "./nostritemporisph00schw/nostritemporisph00schw_0260.png"; bbox 0 0 2175 2911; ppageno 0'>
   <div class='ocr_carea' id='block_1_1' title="bbox 406 129 1381 196">
    <p class='ocr_par' dir='ltr' id='par_1_1' title="bbox 406 129 1381 196">
     <span class='ocr_line' id='line_1_1' title="bbox 406 129 1381 196; baseline -0.006 -9"><span class='ocrx_word' id='word_1_1' title='bbox 406 149 502 196; x_wconf 84' lang='lat'>224</span> <span class='ocrx_word' id='word_1_2' title='bbox 1017 134 1164 195; x_wconf 73' lang='lat' dir='ltr'>Janus·</span> <span class='ocrx_word' id='word_1_3' title='bbox 1193 129 1381 193; x_wconf 67' lang='lat' dir='ltr'>Bis-sons.</span> 
     </span>
    </p>
   </div>
   <div class='ocr_carea' id='block_1_2' title="bbox 98 224 2105 2566">
    <p class='ocr_par' dir='ltr' id='par_1_2' title="bbox 337 224 2087 861">
     <span class='ocr_line' id='line_1_2' title="bbox 337 224 2075 285; baseline -0.004 -3"><span class='ocrx_word' id='word_1_4' title='bbox 337 234 495 285; x_wconf 89' lang='lat' dir='ltr'>sentes</span> <span class='ocrx_word' id='word_1_5' title='bbox 524 229 760 280; x_wconf 83' lang='lat' dir='ltr'>voluntas</span> <span class='ocrx_word' id='word_1_6' title='bbox 792 226 1022 278; x_wconf 88' lang='lat' dir='ltr'>nolendo</span> <span class='ocrx_word' id='word_1_7' title='bbox 1046 227 1164 276; x_wconf 79' lang='lat' dir='ltr'>facit</span> <span class='ocrx_word' id='word_1_8' title='bbox 1185 227 1394 278; x_wconf 72' lang='lat' dir='ltr'>sentires</span> <span class='ocrx_word' id='word_1_9' title='bbox 1447 224 1579 274; x_wconf 89' lang='lat' dir='ltr'>acuit</span> <span class='ocrx_word' id='word_1_10' title='bbox 1598 257 1612 279; x_wconf 84' lang='lat'>‚</span> <span class='ocrx_word' id='word_1_11' title='bbox 1647 224 1776 276; x_wconf 88' lang='lat' dir='ltr'>dum</span> <span class='ocrx_word' id='word_1_12' title='bbox 1799 225 2075 280; x_wconf 62' lang='lat' dir='ltr'>aversatum</span> 
     </span>
     <span class='ocr_line' id='line_1_3' title="bbox 337 288 2080 356; baseline -0.005 -10"><span class='ocrx_word' id='word_1_13' title='bbox 337 295 576 348; x_wconf 86' lang='lat' dir='ltr'>intendit,</span> <span class='ocrx_word' id='word_1_14' title='bbox 613 293 738 342; x_wconf 90' lang='lat' dir='ltr'>dum</span> <span class='ocrx_word' id='word_1_15' title='bbox 759 289 934 341; x_wconf 74' lang='lat' dir='ltr'>frustra</span> <span class='ocrx_word' id='word_1_16' title='bbox 961 291 1134 356; x_wconf 81' lang='lat' dir='ltr'>fugere</span> <span class='ocrx_word' id='word_1_17' title='bbox 1153 292 1338 339; x_wconf 86' lang='lat' dir='ltr'>nititur.</span> <span class='ocrx_word' id='word_1_18' title='bbox 1462 288 1745 338; x_wconf 58' lang='lat' dir='ltr'>Intellectus</span> <span class='ocrx_word' id='word_1_19' title='bbox 1763 289 2080 353; x_wconf 66' lang='lat' dir='ltr'>praesentibus</span> 
     </span>
     <span class='ocr_line' id='line_1_4' title="bbox 337 351 2080 424; baseline -0.005 -16"><span class='ocrx_word' id='word_1_20' title='bbox 337 361 496 424; x_wconf 79' lang='lat' dir='ltr'>jungit</span> <span class='ocrx_word' id='word_1_21' title='bbox 517 357 714 406; x_wconf 83' lang='lat' dir='ltr'>futuros</span> <span class='ocrx_word' id='word_1_22' title='bbox 741 387 755 411; x_wconf 87' lang='lat'>‚</span> <span class='ocrx_word' id='word_1_23' title='bbox 802 354 1030 418; x_wconf 80' lang='lat' dir='ltr'>dumque</span> <span class='ocrx_word' id='word_1_24' title='bbox 1060 370 1169 403; x_wconf 86' lang='lat' dir='ltr'>non</span> <span class='ocrx_word' id='word_1_25' title='bbox 1190 356 1376 418; x_wconf 88' lang='lat' dir='ltr'>poterit</span> <span class='ocrx_word' id='word_1_26' title='bbox 1405 367 1515 401; x_wconf 89' lang='lat' dir='ltr'>non</span> <span class='ocrx_word' id='word_1_27' title='bbox 1550 352 1799 402; x_wconf 89' lang='lat' dir='ltr'>obversari</span> <span class='ocrx_word' id='word_1_28' title='bbox 1821 351 1928 402; x_wconf 87' lang='lat' dir='ltr'>haec</span> <span class='ocrx_word' id='word_1_29' title='bbox 1956 355 2080 402; x_wconf 85' lang='lat' dir='ltr'>veri-</span> 
     </span>
     <span class='ocr_line' id='line_1_5' title="bbox 340 415 2083 480; baseline -0.002 -13"><span class='ocrx_word' id='word_1_30' title='bbox 340 438 412 473; x_wconf 86' lang='lat' dir='ltr'>tas</span> <span class='ocrx_word' id='word_1_31' title='bbox 429 457 442 477; x_wconf 86' lang='lat'>‚</span> <span class='ocrx_word' id='word_1_32' title='bbox 476 419 691 468; x_wconf 77' lang='lat' dir='ltr'>durabunt</span> <span class='ocrx_word' id='word_1_33' title='bbox 709 420 864 480; x_wconf 73' lang='lat' dir='ltr'>semper</span> <span class='ocrx_word' id='word_1_34' title='bbox 877 455 890 471; x_wconf 93' lang='lat'><em>,</em></span> <span class='ocrx_word' id='word_1_35' title='bbox 918 420 1127 477; x_wconf 70' lang='lat' dir='ltr'>finientur</span> <span class='ocrx_word' id='word_1_36' title='bbox 1149 432 1383 479; x_wconf 68' lang='lat' dir='ltr'>nimquam,</span> <span class='ocrx_word' id='word_1_37' title='bbox 1421 417 1472 463; x_wconf 84' lang='lat' dir='ltr'>in</span> <span class='ocrx_word' id='word_1_38' title='bbox 1490 428 1753 465; x_wconf 84' lang='lat' dir='ltr'>momenta</span> <span class='ocrx_word' id='word_1_39' title='bbox 1767 415 1916 464; x_wconf 80' lang='lat' dir='ltr'>faciet</span> <span class='ocrx_word' id='word_1_40' title='bbox 1932 416 2083 464; x_wconf 90' lang='lat' dir='ltr'>dolo-</span> 
     </span>
     <span class='ocr_line' id='line_1_6' title="bbox 342 478 2080 546; baseline -0.005 -11"><span class='ocrx_word' id='word_1_41' title='bbox 342 502 416 537; x_wconf 85' lang='lat' dir='ltr'>res</span> <span class='ocrx_word' id='word_1_42' title='bbox 435 485 609 534; x_wconf 83' lang='lat' dir='ltr'>sentire</span> <span class='ocrx_word' id='word_1_43' title='bbox 635 496 864 533; x_wconf 79' lang='lat' dir='ltr'>aeternos.</span> <span class='ocrx_word' id='word_1_44' title='bbox 935 482 1033 531; x_wconf 88' lang='lat' dir='ltr'>Sed</span> <span class='ocrx_word' id='word_1_45' title='bbox 1055 481 1303 546; x_wconf 79' lang='lat' dir='ltr'>praetcritae</span> <span class='ocrx_word' id='word_1_46' title='bbox 1330 481 1438 527; x_wconf 76' lang='lat' dir='ltr'>vitae</span> <span class='ocrx_word' id='word_1_47' title='bbox 1462 481 1714 528; x_wconf 89' lang='lat' dir='ltr'>memoria</span> <span class='ocrx_word' id='word_1_48' title='bbox 1731 478 1806 528; x_wconf 87' lang='lat' dir='ltr'>his</span> <span class='ocrx_word' id='word_1_49' title='bbox 1830 478 2080 534; x_wconf 87' lang='lat' dir='ltr'>omnibus</span> 
     </span>
     <span class='ocr_line' id='line_1_7' title="bbox 342 541 2084 607; baseline -0.006 -8"><span class='ocrx_word' id='word_1_50' title='bbox 342 549 611 600; x_wconf 90' lang='lat' dir='ltr'>cumulum</span> <span class='ocrx_word' id='word_1_51' title='bbox 635 547 784 596; x_wconf 86' lang='lat' dir='ltr'>addet</span> <span class='ocrx_word' id='word_1_52' title='bbox 807 579 820 601; x_wconf 90' lang='lat'>‚</span> <span class='ocrx_word' id='word_1_53' title='bbox 857 542 909 595; x_wconf 78' lang='lat' dir='ltr'>ni</span> <span class='ocrx_word' id='word_1_54' title='bbox 933 545 1259 596; x_wconf 83' lang='lat' dir='ltr'>vehementer</span> <span class='ocrx_word' id='word_1_55' title='bbox 1285 543 1434 592; x_wconf 78' lang='lat' dir='ltr'>fallor</span> <span class='ocrx_word' id='word_1_56' title='bbox 1456 575 1470 596; x_wconf 79' lang='lat'>‚</span> <span class='ocrx_word' id='word_1_57' title='bbox 1506 543 1889 607; x_wconf 83' lang='lat' dir='ltr'>propemodum</span> <span class='ocrx_word' id='word_1_58' title='bbox 1921 541 2084 590; x_wconf 90' lang='lat' dir='ltr'>infini-</span> 
     </span>
     <span class='ocr_line' id='line_1_8' title="bbox 341 604 2085 676; baseline -0.006 -13"><span class='ocrx_word' id='word_1_59' title='bbox 341 627 469 663; x_wconf 86' lang='lat' dir='ltr'>tum.</span> <span class='ocrx_word' id='word_1_60' title='bbox 540 614 703 676; x_wconf 82' lang='lat' dir='ltr'>Nugae</span> <span class='ocrx_word' id='word_1_61' title='bbox 726 610 859 665; x_wconf 83' lang='lat' dir='ltr'>sunt⁷</span> <span class='ocrx_word' id='word_1_62' title='bbox 883 609 1027 673; x_wconf 89' lang='lat' dir='ltr'>quod</span> <span class='ocrx_word' id='word_1_63' title='bbox 1048 608 1109 656; x_wconf 88' lang='lat' dir='ltr'>de</span> <span class='ocrx_word' id='word_1_64' title='bbox 1128 607 1324 657; x_wconf 76' lang='lat' dir='ltr'>Lctlieo</span> <span class='ocrx_word' id='word_1_65' title='bbox 1350 606 1559 655; x_wconf 85' lang='lat' dir='ltr'>flumine</span> <span class='ocrx_word' id='word_1_66' title='bbox 1581 605 1806 655; x_wconf 85' lang='lat' dir='ltr'>fabulosa</span> <span class='ocrx_word' id='word_1_67' title='bbox 1818 604 1958 654; x_wconf 87' lang='lat' dir='ltr'>finxit</span> <span class='ocrx_word' id='word_1_68' title='bbox 1975 606 2085 654; x_wconf 87' lang='lat' dir='ltr'>An-</span> 
     </span>
     <span class='ocr_line' id='line_1_9' title="bbox 343 664 2087 740; baseline -0.006 -14"><span class='ocrx_word' id='word_1_69' title='bbox 343 678 568 740; x_wconf 82' lang='lat' dir='ltr'>tiquitas:</span> <span class='ocrx_word' id='word_1_70' title='bbox 604 674 890 727; x_wconf 83' lang='lat' dir='ltr'>facultates,</span> <span class='ocrx_word' id='word_1_71' title='bbox 931 687 1051 736; x_wconf 87' lang='lat' dir='ltr'>quas</span> <span class='ocrx_word' id='word_1_72' title='bbox 1074 671 1210 718; x_wconf 82' lang='lat' dir='ltr'>dedit</span> <span class='ocrx_word' id='word_1_73' title='bbox 1231 682 1432 724; x_wconf 76' lang='lat' dir='ltr'>natura,</span> <span class='ocrx_word' id='word_1_74' title='bbox 1473 685 1583 718; x_wconf 88' lang='lat' dir='ltr'>non</span> <span class='ocrx_word' id='word_1_75' title='bbox 1602 671 1773 734; x_wconf 88' lang='lat' dir='ltr'>eripiet</span> <span class='ocrx_word' id='word_1_76' title='bbox 1796 683 1944 718; x_wconf 89' lang='lat' dir='ltr'>orcus</span> <span class='ocrx_word' id='word_1_77' title='bbox 1966 703 1978 720; x_wconf 90' lang='lat'>‚</span> <span class='ocrx_word' id='word_1_78' title='bbox 2016 664 2087 717; x_wconf 89' lang='lat' dir='ltr'>est</span> 
     </span>
     <span class='ocr_line' id='line_1_10' title="bbox 343 732 2087 798; baseline -0.006 -8"><span class='ocrx_word' id='word_1_79' title='bbox 343 740 450 790; x_wconf 85' lang='lat' dir='ltr'>haec</span> <span class='ocrx_word' id='word_1_80' title='bbox 469 740 739 788; x_wconf 88' lang='lat' dir='ltr'>clementia</span> <span class='ocrx_word' id='word_1_81' title='bbox 758 736 968 786; x_wconf 85' lang='lat' dir='ltr'>crudelis</span> <span class='ocrx_word' id='word_1_82' title='bbox 990 769 1002 789; x_wconf 89' lang='lat'>‚</span> <span class='ocrx_word' id='word_1_83' title='bbox 1038 734 1102 783; x_wconf 88' lang='lat' dir='ltr'>ad</span> <span class='ocrx_word' id='word_1_84' title='bbox 1120 734 1403 798; x_wconf 80' lang='lat' dir='ltr'>augendam</span> <span class='ocrx_word' id='word_1_85' title='bbox 1420 766 1431 786; x_wconf 83' lang='lat'>‚</span> <span class='ocrx_word' id='word_1_86' title='bbox 1451 748 1560 782; x_wconf 88' lang='lat' dir='ltr'>non</span> <span class='ocrx_word' id='word_1_87' title='bbox 1585 732 1916 781; x_wconf 87' lang='lat' dir='ltr'>minuendam</span> <span class='ocrx_word' id='word_1_88' title='bbox 1929 734 2087 781; x_wconf 85' lang='lat' dir='ltr'>inten-</span> 
     </span>
     <span class='ocr_line' id='line_1_11' title="bbox 345 796 2086 861; baseline -0.007 -8"><span class='ocrx_word' id='word_1_89' title='bbox 345 817 396 854; x_wconf 82' lang='lat' dir='ltr'>ta</span> <span class='ocrx_word' id='word_1_90' title='bbox 415 804 769 853; x_wconf 82' lang='lat' dir='ltr'>calamitatem.</span> <span class='ocrx_word' id='word_1_91' title='bbox 870 800 1091 853; x_wconf 77' lang='lat' dir='ltr'>Scilicet,</span> <span class='ocrx_word' id='word_1_92' title='bbox 1105 800 1212 861; x_wconf 79' lang='lat' dir='ltr'>qnod</span> <span class='ocrx_word' id='word_1_93' title='bbox 1234 798 1567 842; x_wconf 73' lang='lat' dir='ltr'>mandnacverat</span> <span class='ocrx_word' id='word_1_94' title='bbox 1601 798 1711 857; x_wconf 74' lang='lat' dir='ltr'>apud</span> <span class='ocrx_word' id='word_1_95' title='bbox 1731 801 1907 856; x_wconf 82' lang='lat' dir='ltr'>Superos</span> <span class='ocrx_word' id='word_1_96' title='bbox 1931 796 2050 855; x_wconf 83' lang='lat' dir='ltr'>epulo</span> <span class='ocrx_word' id='word_1_97' title='bbox 2070 827 2086 849; x_wconf 90' lang='lat'>‚</span> 
     </span>
    </p>

    <p class='ocr_par' dir='ltr' id='par_1_3' title="bbox 98 858 2085 933">
     <span class='ocr_line' id='line_1_12' title="bbox 98 858 2085 933; baseline -0.005 -17"><span class='ocrx_word' id='word_1_98' title='bbox 98 879 141 924; x_wconf 79' lang='lat' dir='ltr'>s,</span> <span class='ocrx_word' id='word_1_99' title='bbox 169 877 285 933; x_wconf 75' lang='lat' dir='ltr'><em>Aug,</em></span> <span class='ocrx_word' id='word_1_100' title='bbox 348 869 457 929; x_wconf 77' lang='lat' dir='ltr'>apud</span> <span class='ocrx_word' id='word_1_101' title='bbox 489 865 647 926; x_wconf 77' lang='lat' dir='ltr'>inferos</span> <span class='ocrx_word' id='word_1_102' title='bbox 670 861 889 924; x_wconf 76' lang='lat' dir='ltr'>digerebat</span> <span class='ocrx_word' id='word_1_103' title='bbox 914 882 925 909; x_wconf 86' lang='lat'><strong>:</strong></span> <span class='ocrx_word' id='word_1_104' title='bbox 977 878 1096 910; x_wconf 87' lang='lat' dir='ltr'>nam</span> <span class='ocrx_word' id='word_1_105' title='bbox 1122 859 1304 909; x_wconf 80' lang='lat' dir='ltr'>utnon</span> <span class='ocrx_word' id='word_1_106' title='bbox 1330 859 1430 908; x_wconf 83' lang='lat' dir='ltr'>sine</span> <span class='ocrx_word' id='word_1_107' title='bbox 1460 859 1639 907; x_wconf 90' lang='lat' dir='ltr'>aculeo</span> <span class='ocrx_word' id='word_1_108' title='bbox 1668 859 1794 924; x_wconf 91' lang='lat' dir='ltr'>Apis</span> <span class='ocrx_word' id='word_1_109' title='bbox 1818 858 2085 907; x_wconf 87' lang='lat' dir='ltr'>melliflua:</span> 
     </span>
    </p>

    <p class='ocr_par' dir='ltr' id='par_1_4' title="bbox 101 921 2097 1168">
     <span class='ocr_line' id='line_1_13' title="bbox 101 921 2089 991; baseline -0.006 -11"><span class='ocrx_word' id='word_1_110' title='bbox 101 944 144 990; x_wconf 81' lang='lat' dir='ltr'>S,</span> <span class='ocrx_word' id='word_1_111' title='bbox 161 944 290 988; x_wconf 79' lang='lat' dir='ltr'>Rern,</span> <span class='ocrx_word' id='word_1_112' title='bbox 348 930 606 991; x_wconf 75' lang='lat' dir='ltr'>transierunt</span> <span class='ocrx_word' id='word_1_113' title='bbox 630 931 851 990; x_wconf 77' lang='lat' dir='ltr'>praecerc‘ta</span> <span class='ocrx_word' id='word_1_114' title='bbox 872 963 886 978; x_wconf 88' lang='lat'><em>,</em></span> <span class='ocrx_word' id='word_1_115' title='bbox 912 943 986 972; x_wconf 84' lang='lat' dir='ltr'>nec</span> <span class='ocrx_word' id='word_1_116' title='bbox 1013 925 1302 983; x_wconf 73' lang='lat' dir='ltr'>transierunt:</span> <span class='ocrx_word' id='word_1_117' title='bbox 1339 921 1596 981; x_wconf 74' lang='lat' dir='ltr'>tranfierunt</span> <span class='ocrx_word' id='word_1_118' title='bbox 1616 921 1644 967; x_wconf 70' lang='grc' dir='ltr'><em>ἁ</em></span> <span class='ocrx_word' id='word_1_119' title='bbox 1664 937 1791 968; x_wconf 79' lang='lat' dir='ltr'>manu</span> <span class='ocrx_word' id='word_1_120' title='bbox 1813 955 1826 975; x_wconf 89' lang='lat'>‚</span> <span class='ocrx_word' id='word_1_121' title='bbox 1851 923 1926 979; x_wconf 85' lang='lat' dir='ltr'>sed</span> <span class='ocrx_word' id='word_1_122' title='bbox 1953 938 2033 968; x_wconf 89' lang='lat' dir='ltr'>non</span> <span class='ocrx_word' id='word_1_123' title='bbox 2062 921 2089 968; x_wconf 75' lang='grc' dir='ltr'><em>ἁ</em></span> 
     </span>
     <span class='ocr_line' id='line_1_14' title="bbox 349 983 2094 1048; baseline -0.007 -7"><span class='ocrx_word' id='word_1_124' title='bbox 349 1007 490 1043; x_wconf 83' lang='lat' dir='ltr'>mente</span> <span class='ocrx_word' id='word_1_125' title='bbox 510 1012 523 1039; x_wconf 91' lang='lat'>.·</span> <span class='ocrx_word' id='word_1_126' title='bbox 560 1009 639 1039; x_wconf 83' lang='lat' dir='ltr'>non</span> <span class='ocrx_word' id='word_1_127' title='bbox 663 994 775 1038; x_wconf 84' lang='lat' dir='ltr'>enim</span> <span class='ocrx_word' id='word_1_128' title='bbox 797 988 997 1048; x_wconf 78' lang='lat' dir='ltr'>tranfiln&#39;t</span> <span class='ocrx_word' id='word_1_129' title='bbox 1017 1005 1111 1034; x_wconf 82' lang='lat' dir='ltr'>cum</span> <span class='ocrx_word' id='word_1_130' title='bbox 1129 999 1343 1046; x_wconf 83' lang='lat' dir='ltr'>tempore,</span> <span class='ocrx_word' id='word_1_131' title='bbox 1364 987 1470 1047; x_wconf 84' lang='lat' dir='ltr'>quod</span> <span class='ocrx_word' id='word_1_132' title='bbox 1494 996 1685 1045; x_wconf 77' lang='lat' dir='ltr'>tempora</span> <span class='ocrx_word' id='word_1_133' title='bbox 1707 983 1861 1042; x_wconf 78' lang='lat' dir='ltr'>transit</span> <span class='ocrx_word' id='word_1_134' title='bbox 1876 1006 1893 1038; x_wconf 84' lang='lat'>‚·</span> <span class='ocrx_word' id='word_1_135' title='bbox 1917 989 1961 1031; x_wconf 81' lang='lat' dir='ltr'>in</span> <span class='ocrx_word' id='word_1_136' title='bbox 1973 997 2094 1031; x_wconf 78' lang='lat' dir='ltr'>aeter..</span> 
     </span>
     <span class='ocr_line' id='line_1_15' title="bbox 349 1046 2097 1115; baseline -0.006 -11"><span class='ocrx_word' id='word_1_137' title='bbox 349 1074 449 1105; x_wconf 81' lang='lat' dir='ltr'>num</span> <span class='ocrx_word' id='word_1_138' title='bbox 481 1055 577 1115; x_wconf 74' lang='lat' dir='ltr'>ergb</span> <span class='ocrx_word' id='word_1_139' title='bbox 603 1052 753 1112; x_wconf 65' lang='lat' dir='ltr'>neceffie</span> <span class='ocrx_word' id='word_1_140' title='bbox 785 1051 839 1106; x_wconf 83' lang='lat' dir='ltr'>est</span> <span class='ocrx_word' id='word_1_141' title='bbox 875 1054 1060 1100; x_wconf 74' lang='lat' dir='ltr'>cruciet,</span> <span class='ocrx_word' id='word_1_142' title='bbox 1097 1051 1204 1111; x_wconf 82' lang='lat' dir='ltr'>quod</span> <span class='ocrx_word' id='word_1_143' title='bbox 1224 1060 1452 1108; x_wconf 78' lang='lat' dir='ltr'>perperam</span> <span class='ocrx_word' id='word_1_144' title='bbox 1480 1061 1524 1093; x_wconf 81' lang='lat' dir='ltr'>te</span> <span class='ocrx_word' id='word_1_145' title='bbox 1552 1046 1668 1105; x_wconf 76' lang='lat' dir='ltr'>egcffe</span> <span class='ocrx_word' id='word_1_146' title='bbox 1703 1049 1947 1095; x_wconf 78' lang='lat' dir='ltr'>memineris</span> <span class='ocrx_word' id='word_1_147' title='bbox 1975 1050 2021 1093; x_wconf 81' lang='lat' dir='ltr'>in</span> <span class='ocrx_word' id='word_1_148' title='bbox 2042 1063 2097 1093; x_wconf 64' lang='grc' dir='ltr'>ιε·</span> 
     </span>
     <span class='ocr_line' id='line_1_16' title="bbox 349 1134 1547 1168; baseline -0.008 0"><span class='ocrx_word' id='word_1_149' title='bbox 349 1134 534 1168; x_wconf 67' lang='lat' dir='ltr'>ternum.</span> <span class='ocrx_word' id='word_1_150' title='bbox 1542 1140 1547 1144; x_wconf 92' lang='lat'><em>·</em></span> 
     </span>
    </p>

    <p class='ocr_par' dir='ltr' id='par_1_5' title="bbox 347 1170 2104 2313">
     <span class='ocr_line' id='line_1_17' title="bbox 475 1170 2094 1239; baseline -0.004 -10"><span class='ocrx_word' id='word_1_151' title='bbox 475 1178 674 1229; x_wconf 90' lang='lat' dir='ltr'><strong>LEUC:</strong></span> <span class='ocrx_word' id='word_1_152' title='bbox 742 1176 919 1239; x_wconf 87' lang='lat' dir='ltr'>Superi</span> <span class='ocrx_word' id='word_1_153' title='bbox 946 1175 958 1223; x_wconf 73' lang='grc' dir='ltr'><strong>Ξ</strong></span> <span class='ocrx_word' id='word_1_154' title='bbox 1003 1182 1247 1236; x_wconf 87' lang='lat' dir='ltr'>quantam</span> <span class='ocrx_word' id='word_1_155' title='bbox 1270 1170 1516 1220; x_wconf 90' lang='lat' dir='ltr'>dolorum</span> <span class='ocrx_word' id='word_1_156' title='bbox 1557 1170 1782 1235; x_wconf 84' lang='lat' dir='ltr'>abyffum</span> <span class='ocrx_word' id='word_1_157' title='bbox 1820 1170 1925 1220; x_wconf 83' lang='lat' dir='ltr'>haec</span> <span class='ocrx_word' id='word_1_158' title='bbox 1967 1172 2094 1222; x_wconf 87' lang='lat' dir='ltr'>mihi</span> 
     </span>
     <span class='ocr_line' id='line_1_18' title="bbox 347 1232 2093 1302; baseline -0.005 -10"><span class='ocrx_word' id='word_1_159' title='bbox 347 1243 503 1296; x_wconf 86' lang='lat' dir='ltr'>verba</span> <span class='ocrx_word' id='word_1_160' title='bbox 523 1239 816 1290; x_wconf 75' lang='lat' dir='ltr'>recludunt?</span> <span class='ocrx_word' id='word_1_161' title='bbox 853 1239 962 1301; x_wconf 84' lang='lat' dir='ltr'>quis</span> <span class='ocrx_word' id='word_1_162' title='bbox 981 1235 1286 1302; x_wconf 81' lang='lat' dir='ltr'>penetrabit,</span> <span class='ocrx_word' id='word_1_163' title='bbox 1324 1234 1479 1296; x_wconf 76' lang='lat' dir='ltr'>quam</span> <span class='ocrx_word' id='word_1_164' title='bbox 1500 1232 1556 1282; x_wconf 84' lang='lat' dir='ltr'>sit</span> <span class='ocrx_word' id='word_1_165' title='bbox 1567 1250 1734 1283; x_wconf 84' lang='lat' dir='ltr'>amara</span> <span class='ocrx_word' id='word_1_166' title='bbox 1754 1237 2007 1299; x_wconf 77' lang='lat' dir='ltr'>praeteritae</span> <span class='ocrx_word' id='word_1_167' title='bbox 2024 1238 2093 1285; x_wconf 92' lang='lat' dir='ltr'>vi-</span> 
     </span>
     <span class='ocr_line' id='line_1_19' title="bbox 347 1296 2094 1362; baseline -0.005 -5"><span class='ocrx_word' id='word_1_168' title='bbox 347 1321 408 1357; x_wconf 86' lang='lat' dir='ltr'>tae</span> <span class='ocrx_word' id='word_1_169' title='bbox 424 1304 711 1355; x_wconf 80' lang='lat' dir='ltr'>memoria?</span> <span class='ocrx_word' id='word_1_170' title='bbox 809 1304 967 1349; x_wconf 82' lang='lat' dir='ltr'><em>MEL:</em></span> <span class='ocrx_word' id='word_1_171' title='bbox 1046 1298 1365 1349; x_wconf 87' lang='lat' dir='ltr'>Crediderim</span> <span class='ocrx_word' id='word_1_172' title='bbox 1389 1331 1406 1352; x_wconf 46' lang='lat'>‚&gt;</span> <span class='ocrx_word' id='word_1_173' title='bbox 1447 1296 1594 1360; x_wconf 78' lang='lat' dir='ltr'>quod</span> <span class='ocrx_word' id='word_1_174' title='bbox 1617 1310 1792 1362; x_wconf 82' lang='lat' dir='ltr'>praeter</span> <span class='ocrx_word' id='word_1_175' title='bbox 1824 1300 2094 1348; x_wconf 79' lang='lat' dir='ltr'>damnatos</span> 
     </span>
     <span class='ocr_line' id='line_1_20' title="bbox 349 1359 2098 1431; baseline -0.005 -11"><span class='ocrx_word' id='word_1_176' title='bbox 349 1371 541 1421; x_wconf 88' lang='lat' dir='ltr'>nullus:</span> <span class='ocrx_word' id='word_1_177' title='bbox 579 1366 702 1431; x_wconf 86' lang='lat' dir='ltr'>quid</span> <span class='ocrx_word' id='word_1_178' title='bbox 723 1367 860 1415; x_wconf 90' lang='lat' dir='ltr'>enim</span> <span class='ocrx_word' id='word_1_179' title='bbox 878 1360 992 1429; x_wconf 90' lang='lat' dir='ltr'>post</span> <span class='ocrx_word' id='word_1_180' title='bbox 1012 1359 1300 1411; x_wconf 86' lang='lat' dir='ltr'>combustas</span> <span class='ocrx_word' id='word_1_181' title='bbox 1313 1364 1365 1409; x_wconf 88' lang='lat' dir='ltr'>in</span> <span class='ocrx_word' id='word_1_182' title='bbox 1377 1377 1505 1409; x_wconf 83' lang='lat' dir='ltr'>orco</span> <span class='ocrx_word' id='word_1_183' title='bbox 1520 1362 1816 1410; x_wconf 81' lang='lat' dir='ltr'>saeculorum</span> <span class='ocrx_word' id='word_1_184' title='bbox 1831 1362 2098 1426; x_wconf 81' lang='lat' dir='ltr'>1ny1·iadeS‚</span> 
     </span>
     <span class='ocr_line' id='line_1_21' title="bbox 351 1425 2097 1498; baseline -0.005 -15"><span class='ocrx_word' id='word_1_185' title='bbox 351 1433 650 1498; x_wconf 79' lang='lat' dir='ltr'>cogitabunt</span> <span class='ocrx_word' id='word_1_186' title='bbox 675 1429 738 1478; x_wconf 93' lang='lat' dir='ltr'>de</span> <span class='ocrx_word' id='word_1_187' title='bbox 757 1429 886 1479; x_wconf 74' lang='lat' dir='ltr'>vita?</span> <span class='ocrx_word' id='word_1_188' title='bbox 932 1441 1039 1489; x_wconf 89' lang='lat' dir='ltr'>quo</span> <span class='ocrx_word' id='word_1_189' title='bbox 1072 1425 1417 1489; x_wconf 85' lang='lat' dir='ltr'>microscopio</span> <span class='ocrx_word' id='word_1_190' title='bbox 1443 1437 1666 1487; x_wconf 68' lang='lat' dir='ltr'>qua‘rent</span> <span class='ocrx_word' id='word_1_191' title='bbox 1689 1426 1940 1473; x_wconf 88' lang='lat' dir='ltr'>tantillum</span> <span class='ocrx_word' id='word_1_192' title='bbox 1971 1439 2097 1474; x_wconf 87' lang='lat' dir='ltr'>tem-</span> 
     </span>
     <span class='ocr_line' id='line_1_22' title="bbox 350 1487 2095 1564; baseline -0.006 -18"><span class='ocrx_word' id='word_1_193' title='bbox 350 1513 443 1564; x_wconf 87' lang='lat' dir='ltr'>pus</span> <span class='ocrx_word' id='word_1_194' title='bbox 463 1499 478 1544; x_wconf 71' lang='grc' dir='ltr'><strong>ἓ</strong></span> <span class='ocrx_word' id='word_1_195' title='bbox 515 1495 642 1544; x_wconf 90' lang='lat' dir='ltr'>heu!</span> <span class='ocrx_word' id='word_1_196' title='bbox 679 1491 971 1542; x_wconf 82' lang='lat' dir='ltr'>clamabunt</span> <span class='ocrx_word' id='word_1_197' title='bbox 990 1504 1085 1537; x_wconf 90' lang='lat' dir='ltr'>nos</span> <span class='ocrx_word' id='word_1_198' title='bbox 1106 1487 1396 1536; x_wconf 75' lang='lat' dir='ltr'>insensatos!</span> <span class='ocrx_word' id='word_1_199' title='bbox 1417 1489 1539 1551; x_wconf 83' lang='lat' dir='ltr'>quid</span> <span class='ocrx_word' id='word_1_200' title='bbox 1560 1488 1654 1536; x_wconf 85' lang='lat' dir='ltr'>fuit</span> <span class='ocrx_word' id='word_1_201' title='bbox 1675 1491 1773 1537; x_wconf 81' lang='lat' dir='ltr'>vita</span> <span class='ocrx_word' id='word_1_202' title='bbox 1787 1522 1800 1543; x_wconf 81' lang='grc'>,</span> <span class='ocrx_word' id='word_1_203' title='bbox 1815 1488 1899 1537; x_wconf 85' lang='lat' dir='ltr'>nifi</span> <span class='ocrx_word' id='word_1_204' title='bbox 1911 1488 2095 1552; x_wconf 76' lang='lat' dir='ltr'>fulgur,</span> 
     </span>
     <span class='ocr_line' id='line_1_23' title="bbox 353 1551 2097 1622; baseline -0.003 -15"><span class='ocrx_word' id='word_1_205' title='bbox 353 1559 499 1622; x_wconf 87' lang='lat' dir='ltr'>quod</span> <span class='ocrx_word' id='word_1_206' title='bbox 518 1557 748 1620; x_wconf 83' lang='lat' dir='ltr'>disparuit</span> <span class='ocrx_word' id='word_1_207' title='bbox 771 1557 821 1603; x_wconf 91' lang='lat' dir='ltr'>in</span> <span class='ocrx_word' id='word_1_208' title='bbox 840 1554 940 1602; x_wconf 62' lang='lat' dir='ltr'>ictu</span> <span class='ocrx_word' id='word_1_209' title='bbox 964 1553 1130 1601; x_wconf 78' lang='lat' dir='ltr'>oculi?</span> <span class='ocrx_word' id='word_1_210' title='bbox 1167 1551 1287 1614; x_wconf 85' lang='lat' dir='ltr'>quid</span> <span class='ocrx_word' id='word_1_211' title='bbox 1307 1551 1393 1599; x_wconf 84' lang='lat' dir='ltr'>nisi</span> <span class='ocrx_word' id='word_1_212' title='bbox 1420 1567 1594 1616; x_wconf 82' lang='lat' dir='ltr'>vapor,</span> <span class='ocrx_word' id='word_1_213' title='bbox 1609 1554 1696 1615; x_wconf 89' lang='lat' dir='ltr'>qui</span> <span class='ocrx_word' id='word_1_214' title='bbox 1719 1567 1842 1600; x_wconf 84' lang='lat' dir='ltr'>mox</span> <span class='ocrx_word' id='word_1_215' title='bbox 1864 1554 2097 1602; x_wconf 74' lang='lat' dir='ltr'>evanuit?</span> 
     </span>
     <span class='ocr_line' id='line_1_24' title="bbox 353 1613 2100 1682; baseline -0.004 -11"><span class='ocrx_word' id='word_1_216' title='bbox 353 1621 441 1672; x_wconf 79' lang='lat' dir='ltr'>nifi</span> <span class='ocrx_word' id='word_1_217' title='bbox 467 1620 672 1673; x_wconf 86' lang='lat' dir='ltr'>umbra,</span> <span class='ocrx_word' id='word_1_218' title='bbox 710 1634 820 1682; x_wconf 82' lang='lat' dir='ltr'>quae</span> <span class='ocrx_word' id='word_1_219' title='bbox 839 1613 1395 1665; x_wconf 62' lang='lat' dir='ltr'>traniiitimomentum</span> <span class='ocrx_word' id='word_1_220' title='bbox 1409 1615 1526 1669; x_wconf 85' lang='lat' dir='ltr'>fuit,</span> <span class='ocrx_word' id='word_1_221' title='bbox 1548 1615 1693 1677; x_wconf 85' lang='lat' dir='ltr'>quod</span> <span class='ocrx_word' id='word_1_222' title='bbox 1706 1617 1942 1670; x_wconf 83' lang='lat' dir='ltr'>viximus,</span> <span class='ocrx_word' id='word_1_223' title='bbox 1965 1628 2100 1664; x_wconf 81' lang='lat' dir='ltr'>aeter-</span> 
     </span>
     <span class='ocr_line' id='line_1_25' title="bbox 358 1679 2101 1747; baseline -0.003 -14"><span class='ocrx_word' id='word_1_224' title='bbox 358 1686 500 1735; x_wconf 89' lang='lat' dir='ltr'>nitati</span> <span class='ocrx_word' id='word_1_225' title='bbox 523 1682 557 1731; x_wconf 85' lang='lat' dir='ltr'>si</span> <span class='ocrx_word' id='word_1_226' title='bbox 582 1694 907 1747; x_wconf 84' lang='lat' dir='ltr'>comparetur</span> <span class='ocrx_word' id='word_1_227' title='bbox 930 1713 943 1735; x_wconf 84' lang='lat'>‚</span> <span class='ocrx_word' id='word_1_228' title='bbox 981 1694 1136 1742; x_wconf 84' lang='lat' dir='ltr'>quam</span> <span class='ocrx_word' id='word_1_229' title='bbox 1160 1681 1376 1743; x_wconf 81' lang='lat' dir='ltr'>patimur</span> <span class='ocrx_word' id='word_1_230' title='bbox 1399 1695 1409 1724; x_wconf 90' lang='lat'>:</span> <span class='ocrx_word' id='word_1_231' title='bbox 1460 1691 1792 1747; x_wconf 75' lang='lat' dir='ltr'>momentum</span> <span class='ocrx_word' id='word_1_232' title='bbox 1813 1679 1907 1727; x_wconf 88' lang='lat' dir='ltr'>fuit</span> <span class='ocrx_word' id='word_1_233' title='bbox 1928 1692 2101 1727; x_wconf 90' lang='lat' dir='ltr'>totum</span> 
     </span>
     <span class='ocr_line' id='line_1_26' title="bbox 357 1740 2101 1814; baseline -0.003 -18"><span class='ocrx_word' id='word_1_234' title='bbox 357 1744 488 1814; x_wconf 77' lang='lat' dir='ltr'>pene</span> <span class='ocrx_word' id='word_1_235' title='bbox 510 1761 741 1794; x_wconf 85' lang='lat' dir='ltr'>amarum</span> <span class='ocrx_word' id='word_1_236' title='bbox 765 1762 778 1797; x_wconf 83' lang='lat'>3</span> <span class='ocrx_word' id='word_1_237' title='bbox 828 1759 948 1792; x_wconf 85' lang='lat' dir='ltr'>nam</span> <span class='ocrx_word' id='word_1_238' title='bbox 979 1742 1350 1803; x_wconf 83' lang='lat' dir='ltr'>ambulavimus</span> <span class='ocrx_word' id='word_1_239' title='bbox 1383 1742 1485 1789; x_wconf 86' lang='lat' dir='ltr'>vias</span> <span class='ocrx_word' id='word_1_240' title='bbox 1508 1740 1730 1788; x_wconf 80' lang='lat' dir='ltr'>difficiles</span> <span class='ocrx_word' id='word_1_241' title='bbox 1761 1758 1771 1787; x_wconf 81' lang='lat' dir='ltr'><em>z</em></span> <span class='ocrx_word' id='word_1_242' title='bbox 1839 1742 2101 1790; x_wconf 89' lang='lat' dir='ltr'>minutum</span> 
     </span>
     <span class='ocr_line' id='line_1_27' title="bbox 357 1803 2100 1869; baseline -0.006 -8"><span class='ocrx_word' id='word_1_243' title='bbox 357 1811 615 1861; x_wconf 88' lang='lat' dir='ltr'>momenti</span> <span class='ocrx_word' id='word_1_244' title='bbox 642 1811 849 1857; x_wconf 92' lang='lat' dir='ltr'>unicum</span> <span class='ocrx_word' id='word_1_245' title='bbox 881 1807 975 1855; x_wconf 91' lang='lat' dir='ltr'>fuit</span> <span class='ocrx_word' id='word_1_246' title='bbox 999 1808 1022 1860; x_wconf 82' lang='lat'>‚&#39;</span> <span class='ocrx_word' id='word_1_247' title='bbox 1050 1820 1156 1869; x_wconf 89' lang='lat' dir='ltr'>quo</span> <span class='ocrx_word' id='word_1_248' title='bbox 1187 1804 1491 1868; x_wconf 79' lang='lat' dir='ltr'>gustavimus</span> <span class='ocrx_word' id='word_1_249' title='bbox 1531 1803 1793 1868; x_wconf 81' lang='lat' dir='ltr'>paululum</span> <span class='ocrx_word' id='word_1_250' title='bbox 1823 1804 2011 1857; x_wconf 77' lang='lat' dir='ltr'>mellis,</span> <span class='ocrx_word' id='word_1_251' title='bbox 2047 1807 2100 1855; x_wconf 71' lang='grc' dir='ltr'>δε</span> 
     </span>
     <span class='ocr_line' id='line_1_28' title="bbox 360 1866 2099 1930; baseline -0.005 -7"><span class='ocrx_word' id='word_1_252' title='bbox 360 1875 502 1923; x_wconf 78' lang='lat' dir='ltr'>ecce!</span> <span class='ocrx_word' id='word_1_253' title='bbox 539 1871 783 1921; x_wconf 66' lang='lat' dir='ltr'>aeternum</span> <span class='ocrx_word' id='word_1_254' title='bbox 804 1872 1072 1919; x_wconf 81' lang='lat' dir='ltr'>morimur.</span> <span class='ocrx_word' id='word_1_255' title='bbox 1173 1867 1270 1917; x_wconf 87' lang='lat' dir='ltr'>Sed</span> <span class='ocrx_word' id='word_1_256' title='bbox 1289 1866 1411 1930; x_wconf 86' lang='lat' dir='ltr'>quid</span> <span class='ocrx_word' id='word_1_257' title='bbox 1425 1867 1541 1915; x_wconf 91' lang='lat' dir='ltr'>dico</span> <span class='ocrx_word' id='word_1_258' title='bbox 1564 1868 1920 1915; x_wconf 77' lang='lat' dir='ltr'>momentum?</span> <span class='ocrx_word' id='word_1_259' title='bbox 1957 1869 2099 1929; x_wconf 89' lang='lat' dir='ltr'>quin-</span> 
     </span>
     <span class='ocr_line' id='line_1_29' title="bbox 362 1927 2099 2001; baseline -0.004 -15"><span class='ocrx_word' id='word_1_260' title='bbox 362 1938 600 2001; x_wconf 82' lang='lat' dir='ltr'>quaginta</span> <span class='ocrx_word' id='word_1_261' title='bbox 623 1933 764 1984; x_wconf 72' lang='lat' dir='ltr'>fuere</span> <span class='ocrx_word' id='word_1_262' title='bbox 784 1936 915 1985; x_wconf 86' lang='lat' dir='ltr'>anni,</span> <span class='ocrx_word' id='word_1_263' title='bbox 932 1933 1110 1996; x_wconf 89' lang='lat' dir='ltr'>quibus</span> <span class='ocrx_word' id='word_1_264' title='bbox 1134 1933 1184 1979; x_wconf 88' lang='lat' dir='ltr'>in</span> <span class='ocrx_word' id='word_1_265' title='bbox 1208 1947 1364 1980; x_wconf 83' lang='lat' dir='ltr'>manu</span> <span class='ocrx_word' id='word_1_266' title='bbox 1381 1927 1550 1979; x_wconf 85' lang='lat' dir='ltr'>nostra</span> <span class='ocrx_word' id='word_1_267' title='bbox 1575 1928 1716 1978; x_wconf 72' lang='lat' dir='ltr'>fuere</span> <span class='ocrx_word' id='word_1_268' title='bbox 1737 1931 1931 1979; x_wconf 78' lang='lat' dir='ltr'>Sortes:</span> <span class='ocrx_word' id='word_1_269' title='bbox 1951 1945 2099 1979; x_wconf 88' lang='lat' dir='ltr'>vena-</span> 
     </span>
     <span class='ocr_line' id='line_1_30' title="bbox 364 1994 2102 2058; baseline -0.005 -9"><span class='ocrx_word' id='word_1_270' title='bbox 364 2002 410 2049; x_wconf 91' lang='lat' dir='ltr'>le</span> <span class='ocrx_word' id='word_1_271' title='bbox 432 1997 626 2048; x_wconf 85' lang='lat' dir='ltr'>steterat</span> <span class='ocrx_word' id='word_1_272' title='bbox 651 1999 890 2052; x_wconf 81' lang='lat' dir='ltr'>Coelum,</span> <span class='ocrx_word' id='word_1_273' title='bbox 941 1997 1249 2058; x_wconf 80' lang='lat' dir='ltr'>negleximus</span> <span class='ocrx_word' id='word_1_274' title='bbox 1274 2013 1284 2042; x_wconf 74' lang='grc' dir='ltr'>ε</span> <span class='ocrx_word' id='word_1_275' title='bbox 1348 1994 1751 2043; x_wconf 84' lang='lat' dir='ltr'>obtrudebantur</span> <span class='ocrx_word' id='word_1_276' title='bbox 1785 2005 1965 2041; x_wconf 81' lang='lat' dir='ltr'>aeterna</span> <span class='ocrx_word' id='word_1_277' title='bbox 1986 2008 2102 2057; x_wconf 83' lang='lat' dir='ltr'>gau-</span> 
     </span>
     <span class='ocr_line' id='line_1_31' title="bbox 366 2056 2101 2125; baseline -0.005 -14"><span class='ocrx_word' id='word_1_278' title='bbox 366 2063 473 2115; x_wconf 85' lang='lat' dir='ltr'>dia,</span> <span class='ocrx_word' id='word_1_279' title='bbox 505 2062 903 2125; x_wconf 87' lang='lat' dir='ltr'>repudiavimus:</span> <span class='ocrx_word' id='word_1_280' title='bbox 940 2061 1158 2108; x_wconf 81' lang='lat' dir='ltr'>infinitus</span> <span class='ocrx_word' id='word_1_281' title='bbox 1190 2057 1510 2107; x_wconf 84' lang='lat' dir='ltr'>Beatitudinis</span> <span class='ocrx_word' id='word_1_282' title='bbox 1544 2056 1796 2105; x_wconf 83' lang='lat' dir='ltr'>thesaurus</span> <span class='ocrx_word' id='word_1_283' title='bbox 1826 2069 2101 2105; x_wconf 88' lang='lat' dir='ltr'>momento</span> 
     </span>
     <span class='ocr_line' id='line_1_32' title="bbox 366 2118 2101 2188; baseline -0.005 -14"><span class='ocrx_word' id='word_1_284' title='bbox 366 2126 552 2174; x_wconf 86' lang='lat' dir='ltr'>laboris</span> <span class='ocrx_word' id='word_1_285' title='bbox 580 2121 734 2178; x_wconf 80' lang='lat' dir='ltr'>stetit,</span> <span class='ocrx_word' id='word_1_286' title='bbox 758 2122 1155 2188; x_wconf 75' lang='lat' dir='ltr'>contempsimus</span> <span class='ocrx_word' id='word_1_287' title='bbox 1177 2155 1189 2176; x_wconf 83' lang='lat'>,</span> <span class='ocrx_word' id='word_1_288' title='bbox 1222 2125 1272 2171; x_wconf 68' lang='grc' dir='ltr'>ὃς</span> <span class='ocrx_word' id='word_1_289' title='bbox 1293 2121 1479 2170; x_wconf 82' lang='lat' dir='ltr'>infelici</span> <span class='ocrx_word' id='word_1_290' title='bbox 1504 2118 1721 2169; x_wconf 76' lang='lat' dir='ltr'>nimium</span> <span class='ocrx_word' id='word_1_291' title='bbox 1750 2120 1981 2172; x_wconf 87' lang='lat' dir='ltr'>cambio,</span> <span class='ocrx_word' id='word_1_292' title='bbox 2005 2134 2101 2183; x_wconf 85' lang='lat' dir='ltr'>pro</span> 
     </span>
     <span class='ocr_line' id='line_1_33' title="bbox 368 2182 2103 2254; baseline -0.004 -18"><span class='ocrx_word' id='word_1_293' title='bbox 368 2187 506 2254; x_wconf 91' lang='lat' dir='ltr'>pulte</span> <span class='ocrx_word' id='word_1_294' title='bbox 528 2187 843 2236; x_wconf 82' lang='lat' dir='ltr'>vendidimus</span> <span class='ocrx_word' id='word_1_295' title='bbox 862 2186 1236 2238; x_wconf 80' lang='lat' dir='ltr'>haereditatem5</span> <span class='ocrx_word' id='word_1_296' title='bbox 1267 2201 1360 2249; x_wconf 84' lang='lat' dir='ltr'>pro</span> <span class='ocrx_word' id='word_1_297' title='bbox 1393 2197 1765 2233; x_wconf 87' lang='lat' dir='ltr'>momentaneo</span> <span class='ocrx_word' id='word_1_298' title='bbox 1799 2183 1942 2246; x_wconf 88' lang='lat' dir='ltr'>quod</span> <span class='ocrx_word' id='word_1_299' title='bbox 1972 2182 2103 2230; x_wconf 87' lang='lat' dir='ltr'>dele-</span> 
     </span>
     <span class='ocr_line' id='line_1_34' title="bbox 370 2245 2104 2313; baseline -0.005 -13"><span class='ocrx_word' id='word_1_300' title='bbox 370 2251 468 2300; x_wconf 67' lang='lat' dir='ltr'>stat</span> <span class='ocrx_word' id='word_1_301' title='bbox 482 2283 494 2303; x_wconf 87' lang='lat'>,</span> <span class='ocrx_word' id='word_1_302' title='bbox 514 2250 751 2313; x_wconf 81' lang='lat' dir='ltr'>elegimus</span> <span class='ocrx_word' id='word_1_303' title='bbox 773 2264 1031 2304; x_wconf 86' lang='lat' dir='ltr'>aeternum‚</span> <span class='ocrx_word' id='word_1_304' title='bbox 1049 2249 1190 2313; x_wconf 82' lang='lat' dir='ltr'>quod</span> <span class='ocrx_word' id='word_1_305' title='bbox 1212 2251 1414 2298; x_wconf 83' lang='lat' dir='ltr'>cruciat.</span> <span class='ocrx_word' id='word_1_306' title='bbox 1462 2247 1667 2297; x_wconf 87' lang='lat' dir='ltr'>Verbo:</span> <span class='ocrx_word' id='word_1_307' title='bbox 1705 2262 1799 2312; x_wconf 89' lang='lat' dir='ltr'>pro</span> <span class='ocrx_word' id='word_1_308' title='bbox 1814 2245 1970 2295; x_wconf 82' lang='lat' dir='ltr'>Coelo</span> <span class='ocrx_word' id='word_1_309' title='bbox 1993 2260 2104 2292; x_wconf 89' lang='lat' dir='ltr'>mu-</span> 
     </span>
    </p>

    <p class='ocr_par' dir='ltr' id='par_1_6' title="bbox 119 2306 2102 2396">
     <span class='ocr_line' id='line_1_35' title="bbox 119 2306 2102 2396; baseline -0.004 -32"><span class='ocrx_word' id='word_1_310' title='bbox 119 2337 266 2396; x_wconf 79' lang='lat' dir='ltr'>Sap-5·</span> <span class='ocrx_word' id='word_1_311' title='bbox 372 2316 588 2363; x_wconf 83' lang='lat' dir='ltr'>tavimus</span> <span class='ocrx_word' id='word_1_312' title='bbox 608 2328 804 2360; x_wconf 87' lang='lat' dir='ltr'>orcum.</span> <span class='ocrx_word' id='word_1_313' title='bbox 873 2314 999 2361; x_wconf 81' lang='lat' dir='ltr'>Talia</span> <span class='ocrx_word' id='word_1_314' title='bbox 1023 2315 1225 2360; x_wconf 56' lang='lat' dir='ltr'>dixerant</span> <span class='ocrx_word' id='word_1_315' title='bbox 1252 2316 1296 2360; x_wconf 82' lang='lat' dir='ltr'>in</span> <span class='ocrx_word' id='word_1_316' title='bbox 1327 2309 1493 2372; x_wconf 57' lang='lat' dir='ltr'>inferno</span> <span class='ocrx_word' id='word_1_317' title='bbox 1513 2312 1584 2362; x_wconf 88' lang='lat' dir='ltr'>hi,</span> <span class='ocrx_word' id='word_1_318' title='bbox 1612 2313 1686 2375; x_wconf 75' lang='lat' dir='ltr'>qui</span> <span class='ocrx_word' id='word_1_319' title='bbox 1701 2320 2009 2372; x_wconf 77' lang='lat' dir='ltr'>peccaverunt:</span> <span class='ocrx_word' id='word_1_320' title='bbox 2047 2306 2102 2356; x_wconf 77' lang='lat' dir='ltr'>ut</span> 
     </span>
    </p>

    <p class='ocr_par' dir='ltr' id='par_1_7' title="bbox 118 2376 1306 2454">
     <span class='ocr_line' id='line_1_36' title="bbox 118 2376 1306 2454; baseline -0.006 -25"><span class='ocrx_word' id='word_1_321' title='bbox 118 2417 152 2453; x_wconf 56' lang='grc' dir='ltr'><strong><em>ν</em></strong></span> <span class='ocrx_word' id='word_1_322' title='bbox 186 2410 260 2454; x_wconf 67' lang='lat'>14,</span> <span class='ocrx_word' id='word_1_323' title='bbox 371 2377 598 2441; x_wconf 81' lang='lat' dir='ltr'>loquitur</span> <span class='ocrx_word' id='word_1_324' title='bbox 617 2376 832 2438; x_wconf 85' lang='lat' dir='ltr'>Sapiens.</span> <span class='ocrx_word' id='word_1_325' title='bbox 1276 2383 1306 2410; x_wconf 69' lang='lat'><em>⁶</em></span> 
     </span>
    </p>

    <p class='ocr_par' dir='ltr' id='par_1_8' title="bbox 156 2433 2105 2566">
     <span class='ocr_line' id='line_1_37' title="bbox 156 2433 2102 2505; baseline -0.004 -15"><span class='ocrx_word' id='word_1_326' title='bbox 156 2435 168 2448; x_wconf 82' lang='lat'><em>⁰</em></span> <span class='ocrx_word' id='word_1_327' title='bbox 500 2438 697 2489; x_wconf 89' lang='lat' dir='ltr'><strong>LEUC:</strong></span> <span class='ocrx_word' id='word_1_328' title='bbox 777 2437 901 2488; x_wconf 85' lang='lat' dir='ltr'>Satis</span> <span class='ocrx_word' id='word_1_329' title='bbox 935 2437 1028 2494; x_wconf 81' lang='lat' dir='ltr'>est,</span> <span class='ocrx_word' id='word_1_330' title='bbox 1073 2440 1179 2490; x_wconf 85' lang='lat' dir='ltr'>haec</span> <span class='ocrx_word' id='word_1_331' title='bbox 1212 2452 1369 2505; x_wconf 86' lang='lat' dir='ltr'>pauca</span> <span class='ocrx_word' id='word_1_332' title='bbox 1402 2438 1620 2504; x_wconf 86' lang='lat' dir='ltr'>Sapienti</span> <span class='ocrx_word' id='word_1_333' title='bbox 1654 2433 1915 2485; x_wconf 83' lang='lat' dir='ltr'>sufficiant:</span> <span class='ocrx_word' id='word_1_334' title='bbox 1963 2434 2102 2498; x_wconf 87' lang='lat' dir='ltr'>plura</span> 
     </span>
     <span class='ocr_line' id='line_1_38' title="bbox 377 2497 2105 2566; baseline -0.003 -14"><span class='ocrx_word' id='word_1_335' title='bbox 377 2503 463 2566; x_wconf 91' lang='lat' dir='ltr'>qui</span> <span class='ocrx_word' id='word_1_336' title='bbox 486 2503 900 2566; x_wconf 84' lang='lat' dir='ltr'>petit‚experiatur</span> <span class='ocrx_word' id='word_1_337' title='bbox 919 2506 1261 2552; x_wconf 75' lang='lat' dir='ltr'>aeternitatem.</span> <span class='ocrx_word' id='word_1_338' title='bbox 1330 2502 1388 2552; x_wconf 94' lang='lat' dir='ltr'>Id</span> <span class='ocrx_word' id='word_1_339' title='bbox 1410 2500 1620 2566; x_wconf 78' lang='lat' dir='ltr'>amplius</span> <span class='ocrx_word' id='word_1_340' title='bbox 1639 2513 1747 2547; x_wconf 90' lang='lat' dir='ltr'>non</span> <span class='ocrx_word' id='word_1_341' title='bbox 1772 2498 1947 2550; x_wconf 81' lang='lat' dir='ltr'>miror,</span> <span class='ocrx_word' id='word_1_342' title='bbox 1959 2497 2105 2559; x_wconf 84' lang='lat' dir='ltr'>quod</span> 
     </span>
    </p>
   </div>
   <div class='ocr_carea' id='block_1_3' title="bbox 374 2561 2107 2673">
    <p class='ocr_par' dir='ltr' id='par_1_9' title="bbox 374 2561 2107 2673">
     <span class='ocr_line' id='line_1_39' title="bbox 374 2561 2107 2671; baseline -0.009 -50"><span class='ocrx_word' id='word_1_343' title='bbox 374 2567 446 2621; x_wconf 88' lang='lat' dir='ltr'>D.</span> <span class='ocrx_word' id='word_1_344' title='bbox 470 2564 668 2618; x_wconf 80' lang='lat' dir='ltr'>Furseus</span> <span class='ocrx_word' id='word_1_345' title='bbox 688 2600 701 2618; x_wconf 91' lang='lat'><em>‚</em></span> <span class='ocrx_word' id='word_1_346' title='bbox 734 2564 796 2616; x_wconf 84' lang='lat' dir='ltr'>de</span> <span class='ocrx_word' id='word_1_347' title='bbox 826 2569 1014 2618; x_wconf 83' lang='lat' dir='ltr'>aeternis</span> <span class='ocrx_word' id='word_1_348' title='bbox 1042 2566 1282 2634; x_wconf 80' lang='lat' dir='ltr'>suppliciis</span> <span class='ocrx_word' id='word_1_349' title='bbox 1313 2567 1435 2617; x_wconf 77' lang='lat' dir='ltr'>cum</span> <span class='ocrx_word' id='word_1_350' title='bbox 1460 2564 1701 2626; x_wconf 80' lang='lat' dir='ltr'>cogitaret</span> <span class='ocrx_word' id='word_1_351' title='bbox 1721 2593 1735 2617; x_wconf 70' lang='lat'>2</span> <span class='ocrx_word' id='word_1_352' title='bbox 1767 2563 1817 2612; x_wconf 74' lang='grc' dir='ltr'>ὅ(</span> <span class='ocrx_word' id='word_1_353' title='bbox 1848 2561 2107 2671; x_wconf 71' lang='lat' dir='ltr'>iiitcrdnie-</span> 
     </span>
     <span class='ocr_line' id='line_1_40' title="bbox 2000 2639 2046 2673; baseline 0.022 -1"><span class='ocrx_word' id='word_1_354' title='bbox 2000 2639 2046 2673; x_wconf 80' lang='lat' dir='ltr'>ia</span> 
     </span>
    </p>
   </div>
  </div>
 </body>
</html>
