2175 2911
730 113 859 163 Atlaes
887 112 1211 176 Philofhphz'cus.
1714 126 1780 174 17

78 210 369 276 paludibus,
393 211 444 262 ὃ(
466 208 721 276 sepulturis
744 208 1115 272 frequentiores
1136 243 1148 264 ,
1183 222 1387 276 propter
1404 213 1633 264 humoris
1661 210 1842 278 putridi

73 277 300 338 copiamt
336 275 451 324 hinc
472 274 664 322 ducunt
699 271 761 321 ad
792 283 1070 325 torrentes,
1094 276 1143 322 ὃς
1165 278 1425 339 praecipitia
1452 311 1464 331 ,
1490 290 1694 342 propter
1731 279 1845 325 aera

73 337 194 386 illuc·
214 338 505 402 abreptum,
534 339 619 399 qui
641 334 958 400 phasmatum
978 334 1228 389 eiusmodi
1251 342 1490 400 portitor:
1528 340 1724 405 fingunt
1747 354 1838 396 vo-

73 415 180 454 ces,
211 403 260 450 ὃς
279 414 556 454 murmura,
585 398 777 447 sibilare.
808 399 1059 450 videntur,
1086 401 1135 447 ἃ
1155 398 1395 454 fremere,
1421 416 1622 467 propter
1649 402 1837 451 luctam

71 478 192 512 cum
213 462 430 511 humido
451 495 464 516 ,
501 474 557 511 ut
587 460 717 511 adeo
739 477 850 510 non
873 460 1162 515 difficulter,
1186 463 1296 510 rudi
1316 465 1601 527 plebeculae,
1624 466 1836 531 specim-

72 542 190 574 rum
211 526 393 590 specie,
422 528 721 589 imponant,
744 524 925 574 cuncta
953 526 1356 588 exaggerantibus
1381 528 1594 577 tenebris
1617 562 1630 585 ,
1675 526 1840 577 metu-

72 603 172 651 que
190 591 344 638 territi
365 588 668 653 spestatoris.

206 653 405 703 LEUC:
474 653 591 710 Jam
609 647 759 700 facile·
775 652 923 715 capio
951 649 1075 699 illud
1096 650 1363 700 Mantuani
1386 653 1525 703 Vatis
1541 687 1559 709 ,
1584 654 1728 718 quod
1749 653 1840 704 As-
1871 663 2060 712 fulmen,

73 717 200 773 canij
220 715 316 764 visa
337 714 393 763 fit
415 714 626 761 Lambere
642 712 823 772 flamma
846 730 1010 765 comas,
1038 716 1093 760 θ’
1116 714 1276 760 circam
1299 727 1490 775 tempora
1504 719 1632 777 pczfin'.
1671 720 1835 782 Capio

70 779 334 828 insidentes
363 779 616 828 antennis,
641 776 704 823 de
739 776 901 824 Coelo
922 776 1128 824 reduces
1149 774 1359 826 Castora
1378 781 1427 829 ὅ(
1451 781 1736 832 Pollucem3
1761 797 1838 829 ca-

70 844 177 908 pio,
191 839 337 904 quod
353 839 535 893 Tiberii
558 838 754 902 sonipes
777 840 828 886 in
847 837 1004 887 effuso
1020 839 1161 888 cursu
1173 842 1410 905 exspuerit
1421 842 1649 892 flammas
1663 861 1675 896 3
1696 841 1839 906 quod

71 902 361 955 Alexander
379 901 461 948 ille
482 902 700 964 Magnus
724 904 778 950 in
795 901 976 951 ardore
1007 906 1293 952 certaminis
1320 906 1441 969 saepe
1464 909 1741 971 apparuerit
1769 922 1840 954 ra-

72 968 236 1018 dians,
256 978 355 1012 nec
374 975 546 1012 tamen
577 964 787 1014 sanstus,
882 965 1015 1015 Illud
1033 981 1144 1015 non
1167 970 1313 1033 capio
1329 1002 1341 1022 ,
1368 971 1511 1031 quod
1536 970 1598 1018 d'e
1626 970 1839 1017 fulmine

70 1028 274 1077 tradunt
296 1025 582 1075 AuthorCS..
678 1027 862 1076 Afferit
881 1029 1251 1087 PliniusaJove
1271 1034 1488 1094 excoqui
1507 1033 1720 1082 fulmina
1735 1065 1747 1087 ,
1762 1048 1842 1081 ca·
1867 1015 2083 1062 L·2·⁶·20

70 1092 240 1141 lorem
263 1091 454 1142 Marte,
475 1087 754 1138 humorem
776 1088 1173 1139 subministrante
1185 1094 1423 1143 Saturno.
1489 1096 1714 1144 Bodinus
1728 1097 1845 1145 Dae,
1869 1080 1922 1122 L·
1939 1092 1983 1125 ²·

70 1169 257 1204 mones
276 1151 507 1204 adhibet,
541 1153 627 1213 qui
656 1152 809 1200 veluti
832 1153 1050 1201 totidem
1073 1154 1326 1219 Cyclopes
1343 1189 1356 1209 ,
1391 1159 1512 1214 Jovi
1535 1162 1715 1213 aereo,
1735 1158 1844 1208 hoc
1869 1139 2031 1190 Thea‘·

72 1218 236 1265 telum
264 1215 450 1264 cudant
467 1214 742 1262 trisulcum.
792 1215 850 1262 In
879 1215 1150 1279 sulphureo
1166 1218 1433 1267 Stellarum
1458 1234 1722 1271 concavo.
1757 1237 1840 1271 Ve-

68 1281 161 1329 luti
185 1280 297 1330 ollis
318 1280 591 1342 ignivomis
610 1279 770 1341 parari
792 1277 1025 1330 fulmina,
1051 1279 1175 1328 &ad
1194 1292 1379 1329 terram
1402 1282 1639 1332 deorsum
1656 1287 1836 1339 excuti,

71 1343 319 1391 docuerat
342 1340 638 1390 Paracelsus.
734 1339 879 1387 Itane
906 1340 1233 1405 Philosophi,
1276 1359 1340 1392 an
1364 1346 1535 1394 Poetae
1563 1347 1581 1394 ἲ
1675 1348 1832 1394 MEL:
1864 1347 2053 1394 Mereor.

75 1406 219 1475 Qid
237 1405 388 1454 haeres
413 1405 431 1451 ἓ
489 1401 610 1452 cum
631 1413 842 1465 utraque
872 1417 1029 1451 manu
1055 1405 1134 1468 pal
1171 1420 1257 1453 are
1286 1406 1435 1470 poffis
1458 1408 1838 1459 enthusiasmoffi
1863 1424 1898 1454 c.
1921 1413 1964 1460 8.

73 1465 290 1519 Constat
310 1470 362 1516 in
376 1467 567 1517 saniore
586 1467 817 1529 Peripato
840 1498 857 1520 ,
874 1465 1070 1514 fulmen
1087 1469 1139 1514 ni
1182 1469 1312 1517 aliud
1334 1469 1428 1517 effe
1456 1504 1469 1524 ,
1492 1470 1581 1522 nisi
1600 1473 1839 1521 exhalatio-

71 1548 167 1578 nem
177 1529 661 1590 sulphureo-nitrofizm,
682 1532 799 1575 intra
811 1527 940 1593 nubes
960 1529 1182 1587 accenfizm,
1196 1529 1426 1595 magndque
1442 1536 1603 1593 impetn
1613 1533 1835 1592 excuffizm.

78 1595 316 1658 Colligis,
338 1591 392 1642 ni
412 1593 560 1641 fallor
576 1624 589 1646 ,
606 1593 834 1638 materiam
848 1627 859 1643 ‚
881 1587 906 1640 ὲ
925 1607 1022 1654 qua
1036 1592 1118 1641 hic
1134 1594 1277 1651 Jovis
1289 1595 1467 1646 trisulci
1481 1610 1666 1649 terror5
1682 1612 1837 1661 quam

73 1659 127 1706 in
145 1658 403 1706 Ceraunio
427 1655 591 1720 lapide
614 1669 774 1703 nemo
798 1652 1087 1709 constituet,
1099 1656 1188 1706 nisi
1209 1660 1296 1720 qui
1314 1658 1432 1724 sapit
1449 1661 1679 1724 vulgum.
1779 1661 1839 1710 Id

71 1733 245 1769 tamen
267 1734 376 1768 uon
397 1716 688 1782 denegarim
719 1714 963 1767 historicae
995 1718 1340 1777 Authoritati,
1376 1725 1689 1786 quandoque
1714 1724 1837 1773 mas-

75 1784 207 1836 sam,
233 1780 333 1831 una
353 1798 473 1831 cum
495 1781 708 1831 fulmine
733 1781 875 1838 deijci
904 1814 918 1835 ,
951 1784 1274 1848 compactam
1302 1789 1355 1834 in
1383 1801 1604 1835 cuneum
1629 1820 1643 1840 ,
1679 1801 1836 1850 quem

74 1846 247 1909 lapidis
269 1846 497 1893 fulminei
527 1846 738 1893 nomine
760 1845 1010 1894 suevimus
1032 1849 1357 1912 compellare.
1443 1852 1583 1898 Nam
1606 1851 1758 1900 talem
1771 1853 1843 1900 vi·
1865 1840 1995 1900 Apud

75 1907 192 1957 diffe
216 1908 261 1955 se
280 1906 728 1962 afferitAvicenna,
750 1904 1012 1972 additque,
1033 1910 1208 1960 odoris
1238 1912 1376 1960 fuisse
1398 1911 1670 1977 sulphurei,
1693 1918 1839 1965 &co-
1859 1919 1965 1949 aver
1967 1920 1990 1948 Υ
1994 1904 2075 1951 ·l·2

75 1973 186 2021 lore
205 1970 418 2019 similem
441 1971 722 2034 pumicibus
734 1969 1071 2035 adustis,quos
1090 1973 1228 2022 subin
1248 1974 1590 2025 flammivomi
1612 1979 1835 2027 eructant
1864 1978 2038 2013 metem-

73 2046 296 2084 montes,
378 2034 558 2082 Talem
575 2066 589 2087 ,
608 2031 636 2083 ὲ
655 2036 883 2086 catenula
904 2035 1184 2100 suspensum
1199 2070 1215 2090 ,
1232 2036 1458 2087 affervari
1477 2039 1829 2105 Herbipoli,in
1858 2046 1894 2075 θ·
1913 2043 1956 2074 2·

75 2097 281 2147 Basilica
312 2096 574 2153 D.Jac0bi
592 2129 611 2150 r
642 2096 860 2146 affirmat
879 2098 1120 2151 Author,
1145 2097 1430 2151 contestatae
1452 2104 1506 2150 in
1527 2104 1758 2168 Peripato
1777 2105 1832 2154 fi-
1863 2100 2068 2146 Schotm.

76 2161 174 2209 dei.
276 2161 452 2219 Quam
470 2170 643 2207 tamen
659 2159 817 2208 fidem
834 2176 992 2209 nemo
1015 2162 1187 2211 leviter
1206 2163 1343 2212 dabit
1364 2164 1613 2215 Anselmo
1626 2169 1829 2221 Boetio,

77 2226 165 2287 qui
194 2222 482 2277 Enlishemij
513 2219 782 2270 monstrari
807 2224 1026 2286 lapidem
1048 2225 1348 2276 fulmineum
1379 2228 1537 2276 afferit
1556 2263 1570 2284 ,
1605 2235 1832 2280 trecentis

76 2288 208 2336 libris
232 2285 499 2350 appensum
515 2316 530 2337 ,
548 2281 810 2347 Coeloque
833 2286 1106 2342 dejectum,
1133 2302 1357 2338 vertente
1375 2307 1512 2341 anno
1527 2326 1539 2347 ,
1563 2293 1703 2358 supra
1722 2296 1828 2342 mil-

77 2349 310 2399 lesimum
333 2347 879 2410 quadringentesimum
902 2351 1233 2415 nonagefimo
1252 2353 1501 2407 secundos
1533 2372 1598 2404 eo
1612 2356 1830 2409 forsitan,

79 2427 186 2474 quo
198 2411 643 2473 fabulosusJupiter
664 2426 832 2460 novos
845 2412 1076 2477 Olympo
1090 2415 1297 2472 dejicere
1310 2422 1519 2468 tentavit
1531 2418 1826 2472 Encelados,

86 2478 135 2525 ὃς
152 2477 395 2524 Briareos.
497 2474 626 2527 Illud
649 2487 781 2523 extra
801 2475 1169 2541 AEsopi‘fabulas
1182 2512 1198 2533 5
1216 2479 1359 2542 quod
1379 2483 1496 2528 modo
1511 2483 1670 2542 triplici
1678 2480 1831 2530 soleat

85 2539 288 2590 accendi
306 2537 529 2588 fulmen:
566 2537 746 2590 scilicet
766 2538 847 2587 vel
866 2553 957 2604 per
972 2539 1347 2653 zgtiperistafin,
1383 2545 1438 2595 ut
1459 2547 1509 2594 in
1533 2544 1664 2593 calce
1680 2543 1833 2593 laten-

239 2634 241 2637 .
1701 2617 1775 2654 tes
