<?xml version="1.0" encoding="UTF-8"?>
<!DOCTYPE html PUBLIC "-//W3C//DTD XHTML 1.0 Transitional//EN"
    "http://www.w3.org/TR/xhtml1/DTD/xhtml1-transitional.dtd">
<html xmlns="http://www.w3.org/1999/xhtml" xml:lang="en" lang="en">
 <head>
  <title>
</title>
<meta http-equiv="Content-Type" content="text/html;charset=utf-8" />
  <meta name='ocr-system' content='tesseract 3.04.00' />
  <meta name='ocr-capabilities' content='ocr_page ocr_carea ocr_par ocr_line ocrx_word'/>
</head>
<body>
  <div class='ocr_page' id='page_1' title='image "./nostritemporisph00schw/nostritemporisph00schw_0221.png"; bbox 0 0 2175 2911; ppageno 0'>
   <div class='ocr_carea' id='block_1_1' title="bbox 799 117 1787 186">
    <p class='ocr_par' dir='ltr' id='par_1_1' title="bbox 799 117 1787 186">
     <span class='ocr_line' id='line_1_1' title="bbox 799 117 1787 186; baseline 0.001 -14"><span class='ocrx_word' id='word_1_1' title='bbox 799 122 945 172; x_wconf 73' lang='lat' dir='ltr'>Mami</span> <span class='ocrx_word' id='word_1_2' title='bbox 973 117 1182 176; x_wconf 64' lang='lat' dir='ltr'>fenestra.</span> <span class='ocrx_word' id='word_1_3' title='bbox 1688 127 1787 186; x_wconf 74' lang='lat'>187,</span> 
     </span>
    </p>
   </div>
   <div class='ocr_carea' id='block_1_2' title="bbox 85 211 2086 2650">
    <p class='ocr_par' dir='ltr' id='par_1_2' title="bbox 98 211 2047 722">
     <span class='ocr_line' id='line_1_2' title="bbox 109 211 1848 285; baseline -0.001 -16"><span class='ocrx_word' id='word_1_4' title='bbox 109 217 404 274; x_wconf 83' lang='lat' dir='ltr'>subtristem,</span> <span class='ocrx_word' id='word_1_5' title='bbox 423 226 705 270; x_wconf 73' lang='lat' dir='ltr'><strong>mutantem</strong></span> <span class='ocrx_word' id='word_1_6' title='bbox 724 211 889 279; x_wconf 74' lang='lat' dir='ltr'>saepius</span> <span class='ocrx_word' id='word_1_7' title='bbox 910 216 1092 270; x_wconf 86' lang='lat' dir='ltr'>vultus,</span> <span class='ocrx_word' id='word_1_8' title='bbox 1106 228 1405 268; x_wconf 83' lang='lat' dir='ltr'>moventem</span> <span class='ocrx_word' id='word_1_9' title='bbox 1428 218 1698 285; x_wconf 82' lang='lat' dir='ltr'>palpebras,</span> <span class='ocrx_word' id='word_1_10' title='bbox 1766 221 1848 271; x_wconf 80' lang='lat' dir='ltr'>Sic</span> 
     </span>
     <span class='ocr_line' id='line_1_3' title="bbox 111 277 1846 349; baseline -0.006 -16"><span class='ocrx_word' id='word_1_11' title='bbox 111 279 142 332; x_wconf 79' lang='grc' dir='ltr'>ὲ</span> <span class='ocrx_word' id='word_1_12' title='bbox 164 281 454 347; x_wconf 66' lang='lat' dir='ltr'>Philosop&#39;ai</span> <span class='ocrx_word' id='word_1_13' title='bbox 478 280 674 330; x_wconf 90' lang='lat' dir='ltr'>calculo</span> <span class='ocrx_word' id='word_1_14' title='bbox 703 277 868 332; x_wconf 89' lang='lat' dir='ltr'>albus,</span> <span class='ocrx_word' id='word_1_15' title='bbox 889 277 1144 342; x_wconf 82' lang='lat' dir='ltr'>purusque</span> <span class='ocrx_word' id='word_1_16' title='bbox 1164 280 1216 326; x_wconf 90' lang='lat' dir='ltr'>in</span> <span class='ocrx_word' id='word_1_17' title='bbox 1239 279 1407 329; x_wconf 89' lang='lat' dir='ltr'>fronte</span> <span class='ocrx_word' id='word_1_18' title='bbox 1436 287 1582 332; x_wconf 91' lang='lat' dir='ltr'>color</span> <span class='ocrx_word' id='word_1_19' title='bbox 1604 318 1618 339; x_wconf 86' lang='lat'>,</span> <span class='ocrx_word' id='word_1_20' title='bbox 1640 287 1846 349; x_wconf 73' lang='lat' dir='ltr'>pingue-</span> 
     </span>
     <span class='ocr_line' id='line_1_4' title="bbox 108 341 2047 417; baseline 0.001 -23"><span class='ocrx_word' id='word_1_21' title='bbox 108 345 179 394; x_wconf 87' lang='lat' dir='ltr'>do</span> <span class='ocrx_word' id='word_1_22' title='bbox 209 349 260 394; x_wconf 91' lang='lat' dir='ltr'>in</span> <span class='ocrx_word' id='word_1_23' title='bbox 286 345 467 397; x_wconf 84' lang='lat' dir='ltr'>oculis,</span> <span class='ocrx_word' id='word_1_24' title='bbox 486 342 640 391; x_wconf 89' lang='lat' dir='ltr'>facilis</span> <span class='ocrx_word' id='word_1_25' title='bbox 664 341 998 404; x_wconf 89' lang='lat' dir='ltr'>lacrymarum</span> <span class='ocrx_word' id='word_1_26' title='bbox 1029 341 1161 390; x_wconf 88' lang='lat' dir='ltr'>fluor</span> <span class='ocrx_word' id='word_1_27' title='bbox 1184 343 1415 391; x_wconf 86' lang='lat' dir='ltr'>animum</span> <span class='ocrx_word' id='word_1_28' title='bbox 1446 359 1590 395; x_wconf 90' lang='lat' dir='ltr'>notat</span> <span class='ocrx_word' id='word_1_29' title='bbox 1614 348 1844 404; x_wconf 66' lang='lat' dir='ltr'>mzfiricor-</span> <span class='ocrx_word' id='word_1_30' title='bbox 1875 360 2047 417; x_wconf 56' lang='lat' dir='ltr'>Mlfirf,</span> 
     </span>
     <span class='ocr_line' id='line_1_5' title="bbox 104 404 2023 473; baseline 0.004 -20"><span class='ocrx_word' id='word_1_31' title='bbox 104 410 221 455; x_wconf 84' lang='lat' dir='ltr'>dem.-</span> <span class='ocrx_word' id='word_1_32' title='bbox 251 407 476 456; x_wconf 78' lang='lat' dir='ltr'>liberalem</span> <span class='ocrx_word' id='word_1_33' title='bbox 509 404 708 452; x_wconf 87' lang='lat' dir='ltr'>humeri</span> <span class='ocrx_word' id='word_1_34' title='bbox 735 404 907 458; x_wconf 83' lang='lat' dir='ltr'>soluti,</span> <span class='ocrx_word' id='word_1_35' title='bbox 941 404 1089 452; x_wconf 88' lang='lat' dir='ltr'>facies</span> <span class='ocrx_word' id='word_1_36' title='bbox 1122 406 1313 468; x_wconf 90' lang='lat' dir='ltr'>ampla,</span> <span class='ocrx_word' id='word_1_37' title='bbox 1338 406 1478 454; x_wconf 89' lang='lat' dir='ltr'>frons</span> <span class='ocrx_word' id='word_1_38' title='bbox 1504 409 1718 472; x_wconf 80' lang='lat' dir='ltr'>superius</span> <span class='ocrx_word' id='word_1_39' title='bbox 1749 411 1844 459; x_wconf 87' lang='lat' dir='ltr'>ele-</span> <span class='ocrx_word' id='word_1_40' title='bbox 1872 425 2023 473; x_wconf 57' lang='lat' dir='ltr'>cordis,</span> 
     </span>
     <span class='ocr_line' id='line_1_6' title="bbox 104 467 1842 536; baseline 0.001 -16"><span class='ocrx_word' id='word_1_41' title='bbox 104 484 241 520; x_wconf 86' lang='lat' dir='ltr'>vata:</span> <span class='ocrx_word' id='word_1_42' title='bbox 279 481 328 518; x_wconf 89' lang='lat' dir='ltr'>at</span> <span class='ocrx_word' id='word_1_43' title='bbox 347 470 432 531; x_wconf 92' lang='lat' dir='ltr'>qui</span> <span class='ocrx_word' id='word_1_44' title='bbox 454 470 710 524; x_wconf 86' lang='lat' dir='ltr'>contrarijs</span> <span class='ocrx_word' id='word_1_45' title='bbox 731 469 893 515; x_wconf 85' lang='lat' dir='ltr'>notati</span> <span class='ocrx_word' id='word_1_46' title='bbox 916 467 1084 531; x_wconf 80' lang='lat' dir='ltr'>signis,</span> <span class='ocrx_word' id='word_1_47' title='bbox 1109 467 1304 516; x_wconf 87' lang='lat' dir='ltr'>duritiei</span> <span class='ocrx_word' id='word_1_48' title='bbox 1328 471 1378 519; x_wconf 65' lang='grc' dir='ltr'>ὃς</span> <span class='ocrx_word' id='word_1_49' title='bbox 1397 473 1606 519; x_wconf 82' lang='lat' dir='ltr'>avaritiae</span> <span class='ocrx_word' id='word_1_50' title='bbox 1628 472 1842 536; x_wconf 91' lang='lat' dir='ltr'>probro-</span> 
     </span>
     <span class='ocr_line' id='line_1_7' title="bbox 100 529 1841 596; baseline 0.001 -14"><span class='ocrx_word' id='word_1_51' title='bbox 100 532 211 582; x_wconf 88' lang='lat' dir='ltr'>sum</span> <span class='ocrx_word' id='word_1_52' title='bbox 232 530 431 596; x_wconf 83' lang='lat' dir='ltr'>stigma,</span> <span class='ocrx_word' id='word_1_53' title='bbox 451 530 680 595; x_wconf 83' lang='lat' dir='ltr'>probrosi</span> <span class='ocrx_word' id='word_1_54' title='bbox 705 529 1066 578; x_wconf 85' lang='lat' dir='ltr'>circumferunt</span> <span class='ocrx_word' id='word_1_55' title='bbox 1084 531 1368 579; x_wconf 84' lang='lat' dir='ltr'>Eucliones.</span> <span class='ocrx_word' id='word_1_56' title='bbox 1451 533 1550 580; x_wconf 88' lang='lat' dir='ltr'>Sed</span> <span class='ocrx_word' id='word_1_57' title='bbox 1568 550 1676 582; x_wconf 90' lang='lat' dir='ltr'>non</span> <span class='ocrx_word' id='word_1_58' title='bbox 1698 548 1841 586; x_wconf 90' lang='lat' dir='ltr'>vacat</span> 
     </span>
     <span class='ocr_line' id='line_1_8' title="bbox 100 592 1840 664; baseline 0.002 -20"><span class='ocrx_word' id='word_1_59' title='bbox 100 610 404 657; x_wconf 72' lang='lat' dir='ltr'><strong>recoquere,</strong></span> <span class='ocrx_word' id='word_1_60' title='bbox 430 610 539 657; x_wconf 86' lang='lat' dir='ltr'>quae</span> <span class='ocrx_word' id='word_1_61' title='bbox 571 593 716 642; x_wconf 60' lang='lat' dir='ltr'>coita</span> <span class='ocrx_word' id='word_1_62' title='bbox 733 592 931 657; x_wconf 72' lang='lat' dir='ltr'>sparsim</span> <span class='ocrx_word' id='word_1_63' title='bbox 961 593 1201 657; x_wconf 80' lang='lat' dir='ltr'>superius:</span> <span class='ocrx_word' id='word_1_64' title='bbox 1239 605 1294 642; x_wconf 90' lang='lat' dir='ltr'>ut</span> <span class='ocrx_word' id='word_1_65' title='bbox 1313 592 1502 658; x_wconf 79' lang='lat' dir='ltr'>singula</span> <span class='ocrx_word' id='word_1_66' title='bbox 1527 594 1722 661; x_wconf 81' lang='lat' dir='ltr'>singulis</span> <span class='ocrx_word' id='word_1_67' title='bbox 1758 614 1840 664; x_wconf 88' lang='lat' dir='ltr'>ap-</span> 
     </span>
     <span class='ocr_line' id='line_1_9' title="bbox 98 655 1379 722; baseline -0.001 -16"><span class='ocrx_word' id='word_1_68' title='bbox 98 659 276 722; x_wconf 79' lang='lat' dir='ltr'>plices,</span> <span class='ocrx_word' id='word_1_69' title='bbox 306 657 441 705; x_wconf 87' lang='lat' dir='ltr'>dabit</span> <span class='ocrx_word' id='word_1_70' title='bbox 463 657 730 713; x_wconf 85' lang='lat' dir='ltr'>judicium,</span> <span class='ocrx_word' id='word_1_71' title='bbox 752 656 895 718; x_wconf 87' lang='lat' dir='ltr'>quod</span> <span class='ocrx_word' id='word_1_72' title='bbox 915 655 948 704; x_wconf 82' lang='lat' dir='ltr'>fi</span> <span class='ocrx_word' id='word_1_73' title='bbox 970 656 1135 709; x_wconf 87' lang='lat' dir='ltr'>lubet,</span> <span class='ocrx_word' id='word_1_74' title='bbox 1159 656 1379 720; x_wconf 84' lang='lat' dir='ltr'>explora.</span> 
     </span>
    </p>

    <p class='ocr_par' dir='ltr' id='par_1_3' title="bbox 85 715 2086 2649">
     <span class='ocr_line' id='line_1_10' title="bbox 226 715 1841 783; baseline -0.002 -14"><span class='ocrx_word' id='word_1_75' title='bbox 226 720 425 769; x_wconf 87' lang='lat' dir='ltr'>LEUC:</span> <span class='ocrx_word' id='word_1_76' title='bbox 493 720 551 768; x_wconf 85' lang='lat' dir='ltr'>Id</span> <span class='ocrx_word' id='word_1_77' title='bbox 573 719 636 768; x_wconf 87' lang='lat' dir='ltr'>de</span> <span class='ocrx_word' id='word_1_78' title='bbox 657 734 779 767; x_wconf 89' lang='lat' dir='ltr'>meo</span> <span class='ocrx_word' id='word_1_79' title='bbox 803 718 988 773; x_wconf 87' lang='lat' dir='ltr'>judicio</span> <span class='ocrx_word' id='word_1_80' title='bbox 1017 715 1086 766; x_wconf 88' lang='lat' dir='ltr'>est</span> <span class='ocrx_word' id='word_1_81' title='bbox 1113 720 1457 783; x_wconf 84' lang='lat' dir='ltr'>exploratum,</span> <span class='ocrx_word' id='word_1_82' title='bbox 1487 723 1537 772; x_wconf 75' lang='grc' dir='ltr'>ὅτ,</span> <span class='ocrx_word' id='word_1_83' title='bbox 1566 722 1689 773; x_wconf 86' lang='lat' dir='ltr'>mihi</span> <span class='ocrx_word' id='word_1_84' title='bbox 1711 727 1760 775; x_wconf 68' lang='grc' dir='ltr'>ὅ(</span> <span class='ocrx_word' id='word_1_85' title='bbox 1780 725 1841 776; x_wconf 85' lang='lat' dir='ltr'>ti..</span> 
     </span>
     <span class='ocr_line' id='line_1_11' title="bbox 96 780 1838 851; baseline 0.003 -21"><span class='ocrx_word' id='word_1_86' title='bbox 96 781 173 836; x_wconf 85' lang='lat' dir='ltr'>bi,</span> <span class='ocrx_word' id='word_1_87' title='bbox 194 783 337 845; x_wconf 90' lang='lat' dir='ltr'>quod</span> <span class='ocrx_word' id='word_1_88' title='bbox 357 797 465 830; x_wconf 80' lang='lat' dir='ltr'>non</span> <span class='ocrx_word' id='word_1_89' title='bbox 487 781 600 830; x_wconf 83' lang='lat' dir='ltr'>raro</span> <span class='ocrx_word' id='word_1_90' title='bbox 633 783 685 828; x_wconf 84' lang='lat' dir='ltr'>in</span> <span class='ocrx_word' id='word_1_91' title='bbox 714 780 956 837; x_wconf 86' lang='lat' dir='ltr'>judicium</span> <span class='ocrx_word' id='word_1_92' title='bbox 983 794 1182 846; x_wconf 91' lang='lat' dir='ltr'>peccet:</span> <span class='ocrx_word' id='word_1_93' title='bbox 1227 782 1307 830; x_wconf 89' lang='lat' dir='ltr'>fac</span> <span class='ocrx_word' id='word_1_94' title='bbox 1331 785 1495 846; x_wconf 85' lang='lat' dir='ltr'>igitur,</span> <span class='ocrx_word' id='word_1_95' title='bbox 1510 783 1654 833; x_wconf 87' lang='lat' dir='ltr'>filum</span> <span class='ocrx_word' id='word_1_96' title='bbox 1681 790 1838 851; x_wconf 90' lang='lat' dir='ltr'>porri-</span> 
     </span>
     <span class='ocr_line' id='line_1_12' title="bbox 95 843 1837 909; baseline 0.003 -17"><span class='ocrx_word' id='word_1_97' title='bbox 95 861 181 909; x_wconf 85' lang='lat' dir='ltr'>gas</span> <span class='ocrx_word' id='word_1_98' title='bbox 195 879 207 899; x_wconf 90' lang='lat'>‚</span> <span class='ocrx_word' id='word_1_99' title='bbox 230 847 282 893; x_wconf 88' lang='lat' dir='ltr'>in</span> <span class='ocrx_word' id='word_1_100' title='bbox 302 846 554 909; x_wconf 72' lang='lat' dir='ltr'>praecipuis</span> <span class='ocrx_word' id='word_1_101' title='bbox 576 843 747 890; x_wconf 87' lang='lat' dir='ltr'>saltem</span> <span class='ocrx_word' id='word_1_102' title='bbox 765 846 1172 907; x_wconf 78' lang='lat' dir='ltr'>temperamentis</span> <span class='ocrx_word' id='word_1_103' title='bbox 1187 878 1200 898; x_wconf 94' lang='lat'>,</span> <span class='ocrx_word' id='word_1_104' title='bbox 1222 858 1276 894; x_wconf 92' lang='lat' dir='ltr'>ut</span> <span class='ocrx_word' id='word_1_105' title='bbox 1294 845 1521 894; x_wconf 86' lang='lat' dir='ltr'>aberrare</span> <span class='ocrx_word' id='word_1_106' title='bbox 1550 847 1634 895; x_wconf 85' lang='lat' dir='ltr'>etfi</span> <span class='ocrx_word' id='word_1_107' title='bbox 1655 851 1806 898; x_wconf 84' lang='lat' dir='ltr'>velim</span> <span class='ocrx_word' id='word_1_108' title='bbox 1821 883 1837 905; x_wconf 86' lang='lat'>‚</span> 
     </span>
     <span class='ocr_line' id='line_1_13' title="bbox 97 906 1838 974; baseline 0.003 -18"><span class='ocrx_word' id='word_1_109' title='bbox 97 923 209 956; x_wconf 90' lang='lat' dir='ltr'>non</span> <span class='ocrx_word' id='word_1_110' title='bbox 226 906 423 971; x_wconf 81' lang='lat' dir='ltr'>poffim.</span> <span class='ocrx_word' id='word_1_111' title='bbox 489 907 647 952; x_wconf 81' lang='lat' dir='ltr'><em>MEL:</em></span> <span class='ocrx_word' id='word_1_112' title='bbox 716 906 937 960; x_wconf 78' lang='lat' dir='ltr'>Faciam,</span> <span class='ocrx_word' id='word_1_113' title='bbox 961 919 1014 954; x_wconf 89' lang='lat' dir='ltr'>ut</span> <span class='ocrx_word' id='word_1_114' title='bbox 1034 908 1261 956; x_wconf 87' lang='lat' dir='ltr'>aberrare</span> <span class='ocrx_word' id='word_1_115' title='bbox 1278 941 1290 962; x_wconf 87' lang='lat'>,</span> <span class='ocrx_word' id='word_1_116' title='bbox 1316 908 1398 957; x_wconf 81' lang='lat' dir='ltr'>etfi</span> <span class='ocrx_word' id='word_1_117' title='bbox 1427 908 1598 974; x_wconf 83' lang='lat' dir='ltr'>possis,</span> <span class='ocrx_word' id='word_1_118' title='bbox 1620 927 1727 960; x_wconf 89' lang='lat' dir='ltr'>non</span> <span class='ocrx_word' id='word_1_119' title='bbox 1757 929 1838 962; x_wconf 89' lang='lat' dir='ltr'>ve-</span> 
     </span>
     <span class='ocr_line' id='line_1_14' title="bbox 98 960 2042 1038; baseline 0.002 -20"><span class='ocrx_word' id='word_1_120' title='bbox 98 972 173 1019; x_wconf 87' lang='lat' dir='ltr'>lis.</span> <span class='ocrx_word' id='word_1_121' title='bbox 243 971 666 1030; x_wconf 85' lang='lat' dir='ltr'>Temperamenta</span> <span class='ocrx_word' id='word_1_122' title='bbox 687 967 941 1032; x_wconf 84' lang='lat' dir='ltr'>simplicia,</span> <span class='ocrx_word' id='word_1_123' title='bbox 955 970 1094 1018; x_wconf 90' lang='lat' dir='ltr'>velut</span> <span class='ocrx_word' id='word_1_124' title='bbox 1117 984 1390 1037; x_wconf 88' lang='lat' dir='ltr'>prototypa</span> <span class='ocrx_word' id='word_1_125' title='bbox 1408 1007 1420 1023; x_wconf 90' lang='lat'>,</span> <span class='ocrx_word' id='word_1_126' title='bbox 1445 972 1715 1038; x_wconf 83' lang='lat' dir='ltr'>depingam</span> <span class='ocrx_word' id='word_1_127' title='bbox 1744 978 1838 1037; x_wconf 88' lang='lat' dir='ltr'>pri-</span> <span class='ocrx_word' id='word_1_128' title='bbox 1868 960 2042 1025; x_wconf 66' lang='lat' dir='ltr'>&#39;st’mpe-</span> 
     </span>
     <span class='ocr_line' id='line_1_15' title="bbox 97 1030 2032 1101; baseline 0.004 -23"><span class='ocrx_word' id='word_1_129' title='bbox 97 1030 219 1081; x_wconf 75' lang='lat' dir='ltr'>mo:</span> <span class='ocrx_word' id='word_1_130' title='bbox 258 1047 314 1078; x_wconf 82' lang='lat' dir='ltr'>ex</span> <span class='ocrx_word' id='word_1_131' title='bbox 333 1031 471 1081; x_wconf 82' lang='lat' dir='ltr'>hisce</span> <span class='ocrx_word' id='word_1_132' title='bbox 495 1031 648 1079; x_wconf 80' lang='lat' dir='ltr'>facilis</span> <span class='ocrx_word' id='word_1_133' title='bbox 670 1033 759 1078; x_wconf 90' lang='lat' dir='ltr'>erit</span> <span class='ocrx_word' id='word_1_134' title='bbox 778 1031 1046 1081; x_wconf 83' lang='lat' dir='ltr'>delineatio</span> <span class='ocrx_word' id='word_1_135' title='bbox 1065 1036 1474 1097; x_wconf 84' lang='lat' dir='ltr'>conjugatorum.</span> <span class='ocrx_word' id='word_1_136' title='bbox 1575 1039 1691 1101; x_wconf 88' lang='lat' dir='ltr'>Age</span> <span class='ocrx_word' id='word_1_137' title='bbox 1705 1070 1717 1091; x_wconf 85' lang='lat'>,</span> <span class='ocrx_word' id='word_1_138' title='bbox 1739 1038 1835 1086; x_wconf 89' lang='lat' dir='ltr'>hos</span> <span class='ocrx_word' id='word_1_139' title='bbox 1868 1042 2032 1072; x_wconf 85' lang='lat' dir='ltr'>ramen-</span> 
     </span>
     <span class='ocr_line' id='line_1_16' title="bbox 89 1093 2086 1162; baseline 0.003 -19"><span class='ocrx_word' id='word_1_140' title='bbox 89 1094 217 1143; x_wconf 84' lang='lat' dir='ltr'>mihi</span> <span class='ocrx_word' id='word_1_141' title='bbox 238 1093 576 1157; x_wconf 81' lang='lat' dir='ltr'>gemellos,ad</span> <span class='ocrx_word' id='word_1_142' title='bbox 600 1094 737 1141; x_wconf 86' lang='lat' dir='ltr'>oculi</span> <span class='ocrx_word' id='word_1_143' title='bbox 768 1096 1032 1148; x_wconf 79' lang='lat' dir='ltr'>trutinam,</span> <span class='ocrx_word' id='word_1_144' title='bbox 1068 1098 1394 1145; x_wconf 80' lang='lat' dir='ltr'>membratim</span> <span class='ocrx_word' id='word_1_145' title='bbox 1427 1098 1576 1147; x_wconf 87' lang='lat' dir='ltr'>libra:</span> <span class='ocrx_word' id='word_1_146' title='bbox 1612 1099 1729 1149; x_wconf 88' lang='lat' dir='ltr'>huic</span> <span class='ocrx_word' id='word_1_147' title='bbox 1757 1117 1837 1150; x_wconf 84' lang='lat' dir='ltr'>ru·</span> <span class='ocrx_word' id='word_1_148' title='bbox 1868 1101 1959 1162; x_wconf 60' lang='lat' dir='ltr'>turp</span> <span class='ocrx_word' id='word_1_149' title='bbox 1984 1094 2086 1137; x_wconf 58' lang='lat'>5³1⁷!-</span> 
     </span>
     <span class='ocr_line' id='line_1_17' title="bbox 91 1156 2079 1227; baseline 0.002 -21"><span class='ocrx_word' id='word_1_150' title='bbox 91 1158 222 1206; x_wconf 90' lang='lat' dir='ltr'>bore</span> <span class='ocrx_word' id='word_1_151' title='bbox 240 1157 426 1205; x_wconf 79' lang='lat' dir='ltr'>florido</span> <span class='ocrx_word' id='word_1_152' title='bbox 448 1156 575 1204; x_wconf 86' lang='lat' dir='ltr'>ridet</span> <span class='ocrx_word' id='word_1_153' title='bbox 596 1171 801 1203; x_wconf 85' lang='lat' dir='ltr'>amoena</span> <span class='ocrx_word' id='word_1_154' title='bbox 822 1156 991 1203; x_wconf 86' lang='lat' dir='ltr'>facies:</span> <span class='ocrx_word' id='word_1_155' title='bbox 1029 1173 1270 1220; x_wconf 84' lang='lat' dir='ltr'>genarum</span> <span class='ocrx_word' id='word_1_156' title='bbox 1292 1176 1562 1223; x_wconf 83' lang='lat' dir='ltr'>purpuram</span> <span class='ocrx_word' id='word_1_157' title='bbox 1584 1159 1836 1227; x_wconf 83' lang='lat' dir='ltr'>distinguit</span> <span class='ocrx_word' id='word_1_158' title='bbox 1860 1166 2079 1210; x_wconf 73' lang='lat' dir='ltr'>gueneum,</span> 
     </span>
     <span class='ocr_line' id='line_1_18' title="bbox 92 1217 2033 1285; baseline 0.003 -16"><span class='ocrx_word' id='word_1_159' title='bbox 92 1223 267 1269; x_wconf 86' lang='lat' dir='ltr'>niveus</span> <span class='ocrx_word' id='word_1_160' title='bbox 291 1220 507 1268; x_wconf 73' lang='lat' dir='ltr'>candor:</span> <span class='ocrx_word' id='word_1_161' title='bbox 544 1218 834 1281; x_wconf 79' lang='lat' dir='ltr'>grandiores</span> <span class='ocrx_word' id='word_1_162' title='bbox 866 1219 1030 1281; x_wconf 84' lang='lat' dir='ltr'>oculi,</span> <span class='ocrx_word' id='word_1_163' title='bbox 1055 1221 1193 1285; x_wconf 81' lang='lat' dir='ltr'>velut</span> <span class='ocrx_word' id='word_1_164' title='bbox 1220 1222 1385 1269; x_wconf 86' lang='lat' dir='ltr'>lucida</span> <span class='ocrx_word' id='word_1_165' title='bbox 1407 1223 1603 1276; x_wconf 84' lang='lat' dir='ltr'>Sidera,</span> <span class='ocrx_word' id='word_1_166' title='bbox 1627 1223 1834 1275; x_wconf 78' lang='lat' dir='ltr'>amoene</span> <span class='ocrx_word' id='word_1_167' title='bbox 1866 1217 1924 1261; x_wconf 48' lang='grc' dir='ltr'><em>θ</em></span> <span class='ocrx_word' id='word_1_168' title='bbox 1936 1217 2033 1261; x_wconf 61' lang='lat' dir='ltr'>Me·</span> 
     </span>
     <span class='ocr_line' id='line_1_19' title="bbox 91 1277 2065 1347; baseline 0.003 -16"><span class='ocrx_word' id='word_1_169' title='bbox 91 1284 378 1332; x_wconf 84' lang='lat' dir='ltr'>scintillant:</span> <span class='ocrx_word' id='word_1_170' title='bbox 416 1282 618 1346; x_wconf 85' lang='lat' dir='ltr'>capillus</span> <span class='ocrx_word' id='word_1_171' title='bbox 641 1283 693 1328; x_wconf 90' lang='lat' dir='ltr'>in</span> <span class='ocrx_word' id='word_1_172' title='bbox 712 1280 884 1329; x_wconf 84' lang='lat' dir='ltr'>rufum</span> <span class='ocrx_word' id='word_1_173' title='bbox 903 1282 1143 1344; x_wconf 86' lang='lat' dir='ltr'>paulatim</span> <span class='ocrx_word' id='word_1_174' title='bbox 1162 1288 1453 1347; x_wconf 84' lang='lat' dir='ltr'>degenerat:</span> <span class='ocrx_word' id='word_1_175' title='bbox 1491 1300 1834 1341; x_wconf 86' lang='lat' dir='ltr'>carnem,non</span> <span class='ocrx_word' id='word_1_176' title='bbox 1866 1277 2065 1324; x_wconf 64' lang='lat' dir='ltr'>lanChOli·</span> 
     </span>
     <span class='ocr_line' id='line_1_20' title="bbox 94 1343 1977 1409; baseline 0.003 -16"><span class='ocrx_word' id='word_1_177' title='bbox 94 1345 314 1394; x_wconf 79' lang='lat' dir='ltr'>nimium</span> <span class='ocrx_word' id='word_1_178' title='bbox 340 1347 579 1409; x_wconf 87' lang='lat' dir='ltr'>pinguem</span> <span class='ocrx_word' id='word_1_179' title='bbox 609 1343 880 1390; x_wconf 85' lang='lat' dir='ltr'>emolliunt</span> <span class='ocrx_word' id='word_1_180' title='bbox 903 1344 1058 1397; x_wconf 74' lang='lat' dir='ltr'>lucei,</span> <span class='ocrx_word' id='word_1_181' title='bbox 1078 1360 1208 1406; x_wconf 88' lang='lat' dir='ltr'>quos</span> <span class='ocrx_word' id='word_1_182' title='bbox 1240 1348 1360 1409; x_wconf 88' lang='lat' dir='ltr'>tegit</span> <span class='ocrx_word' id='word_1_183' title='bbox 1387 1347 1550 1396; x_wconf 90' lang='lat' dir='ltr'>lenior</span> <span class='ocrx_word' id='word_1_184' title='bbox 1578 1351 1724 1398; x_wconf 85' lang='lat' dir='ltr'>cutis:</span> <span class='ocrx_word' id='word_1_185' title='bbox 1762 1351 1837 1400; x_wconf 94' lang='lat' dir='ltr'>so-</span> <span class='ocrx_word' id='word_1_186' title='bbox 1869 1355 1977 1385; x_wconf 65' lang='lat' dir='ltr'>cum·</span> 
     </span>
     <span class='ocr_line' id='line_1_21' title="bbox 92 1405 1828 1471; baseline 0.002 -14"><span class='ocrx_word' id='word_1_187' title='bbox 92 1424 248 1457; x_wconf 90' lang='lat' dir='ltr'>norus</span> <span class='ocrx_word' id='word_1_188' title='bbox 273 1405 343 1456; x_wconf 89' lang='lat' dir='ltr'>est</span> <span class='ocrx_word' id='word_1_189' title='bbox 371 1409 511 1457; x_wconf 85' lang='lat' dir='ltr'>vocis</span> <span class='ocrx_word' id='word_1_190' title='bbox 535 1406 768 1469; x_wconf 68' lang='lat' dir='ltr'>clangor:</span> <span class='ocrx_word' id='word_1_191' title='bbox 802 1406 1064 1453; x_wconf 89' lang='lat' dir='ltr'>concitato</span> <span class='ocrx_word' id='word_1_192' title='bbox 1098 1419 1249 1455; x_wconf 88' lang='lat' dir='ltr'>motu</span> <span class='ocrx_word' id='word_1_193' title='bbox 1278 1409 1470 1471; x_wconf 88' lang='lat' dir='ltr'>pulsant</span> <span class='ocrx_word' id='word_1_194' title='bbox 1502 1414 1711 1460; x_wconf 74' lang='lat' dir='ltr'>arteriae:</span> <span class='ocrx_word' id='word_1_195' title='bbox 1739 1413 1828 1462; x_wconf 90' lang='lat' dir='ltr'>fre-</span> 
     </span>
     <span class='ocr_line' id='line_1_22' title="bbox 90 1465 1837 1540; baseline 0.002 -20"><span class='ocrx_word' id='word_1_196' title='bbox 90 1487 277 1536; x_wconf 80' lang='lat' dir='ltr'>quens,</span> <span class='ocrx_word' id='word_1_197' title='bbox 297 1474 346 1521; x_wconf 81' lang='lat'>&amp;</span> <span class='ocrx_word' id='word_1_198' title='bbox 369 1471 522 1519; x_wconf 87' lang='lat' dir='ltr'>facilis</span> <span class='ocrx_word' id='word_1_199' title='bbox 546 1469 746 1533; x_wconf 84' lang='lat' dir='ltr'>exspirat</span> <span class='ocrx_word' id='word_1_200' title='bbox 766 1467 942 1516; x_wconf 86' lang='lat' dir='ltr'>sudor:</span> <span class='ocrx_word' id='word_1_201' title='bbox 978 1465 1293 1517; x_wconf 84' lang='lat' dir='ltr'>venustatem</span> <span class='ocrx_word' id='word_1_202' title='bbox 1311 1471 1582 1520; x_wconf 85' lang='lat' dir='ltr'>amabilem</span> <span class='ocrx_word' id='word_1_203' title='bbox 1615 1486 1723 1524; x_wconf 89' lang='lat' dir='ltr'>tota</span> <span class='ocrx_word' id='word_1_204' title='bbox 1749 1477 1837 1540; x_wconf 87' lang='lat' dir='ltr'>spi-</span> 
     </span>
     <span class='ocr_line' id='line_1_23' title="bbox 94 1529 1834 1598; baseline 0.002 -15"><span class='ocrx_word' id='word_1_205' title='bbox 94 1548 168 1584; x_wconf 90' lang='lat' dir='ltr'>rat</span> <span class='ocrx_word' id='word_1_206' title='bbox 198 1536 425 1598; x_wconf 88' lang='lat' dir='ltr'>corporis</span> <span class='ocrx_word' id='word_1_207' title='bbox 460 1533 760 1596; x_wconf 81' lang='lat' dir='ltr'>symmetria.</span> <span class='ocrx_word' id='word_1_208' title='bbox 860 1531 936 1579; x_wconf 87' lang='lat' dir='ltr'>Illi</span> <span class='ocrx_word' id='word_1_209' title='bbox 968 1529 1146 1579; x_wconf 78' lang='lat' dir='ltr'>contra</span> <span class='ocrx_word' id='word_1_210' title='bbox 1167 1533 1219 1578; x_wconf 88' lang='lat' dir='ltr'>in</span> <span class='ocrx_word' id='word_1_211' title='bbox 1247 1532 1418 1581; x_wconf 89' lang='lat' dir='ltr'>fronte</span> <span class='ocrx_word' id='word_1_212' title='bbox 1447 1534 1566 1583; x_wconf 78' lang='lat' dir='ltr'>livet</span> <span class='ocrx_word' id='word_1_213' title='bbox 1594 1535 1834 1586; x_wconf 86' lang='lat' dir='ltr'>obscurus</span> 
     </span>
     <span class='ocr_line' id='line_1_24' title="bbox 92 1595 1835 1663; baseline 0.001 -17"><span class='ocrx_word' id='word_1_214' title='bbox 92 1598 264 1647; x_wconf 81' lang='lat' dir='ltr'>color:</span> <span class='ocrx_word' id='word_1_215' title='bbox 301 1596 475 1645; x_wconf 74' lang='lat' dir='ltr'>hor-ret</span> <span class='ocrx_word' id='word_1_216' title='bbox 496 1610 630 1643; x_wconf 85' lang='lat' dir='ltr'>rarus</span> <span class='ocrx_word' id='word_1_217' title='bbox 660 1595 805 1656; x_wconf 84' lang='lat' dir='ltr'>nigro</span> <span class='ocrx_word' id='word_1_218' title='bbox 833 1595 884 1640; x_wconf 90' lang='lat' dir='ltr'>in</span> <span class='ocrx_word' id='word_1_219' title='bbox 918 1595 1077 1657; x_wconf 87' lang='lat' dir='ltr'>capite</span> <span class='ocrx_word' id='word_1_220' title='bbox 1095 1595 1323 1658; x_wconf 88' lang='lat' dir='ltr'>capillus:</span> <span class='ocrx_word' id='word_1_221' title='bbox 1360 1597 1413 1644; x_wconf 90' lang='lat' dir='ltr'>in</span> <span class='ocrx_word' id='word_1_222' title='bbox 1443 1599 1581 1645; x_wconf 89' lang='lat' dir='ltr'>tenui</span> <span class='ocrx_word' id='word_1_223' title='bbox 1615 1614 1835 1663; x_wconf 89' lang='lat' dir='ltr'>corpore</span> 
     </span>
     <span class='ocr_line' id='line_1_25' title="bbox 95 1656 1836 1723; baseline 0.003 -17"><span class='ocrx_word' id='word_1_224' title='bbox 95 1670 393 1721; x_wconf 83' lang='lat' dir='ltr'>corrugatur</span> <span class='ocrx_word' id='word_1_225' title='bbox 419 1658 621 1704; x_wconf 86' lang='lat' dir='ltr'>exsucca</span> <span class='ocrx_word' id='word_1_226' title='bbox 641 1671 784 1703; x_wconf 87' lang='lat' dir='ltr'>caro:</span> <span class='ocrx_word' id='word_1_227' title='bbox 822 1657 1102 1720; x_wconf 88' lang='lat' dir='ltr'>nigrescunt</span> <span class='ocrx_word' id='word_1_228' title='bbox 1131 1659 1293 1712; x_wconf 87' lang='lat' dir='ltr'>oculi,</span> <span class='ocrx_word' id='word_1_229' title='bbox 1318 1661 1369 1708; x_wconf 68' lang='grc' dir='ltr'>ὃς</span> <span class='ocrx_word' id='word_1_230' title='bbox 1397 1660 1535 1709; x_wconf 88' lang='lat' dir='ltr'>velut</span> <span class='ocrx_word' id='word_1_231' title='bbox 1566 1656 1594 1708; x_wconf 83' lang='grc' dir='ltr'>ὲ</span> <span class='ocrx_word' id='word_1_232' title='bbox 1622 1663 1836 1723; x_wconf 84' lang='lat' dir='ltr'>geminis</span> 
     </span>
     <span class='ocr_line' id='line_1_26' title="bbox 90 1718 1835 1786; baseline 0.001 -15"><span class='ocrx_word' id='word_1_233' title='bbox 90 1723 275 1786; x_wconf 85' lang='lat' dir='ltr'>captivi</span> <span class='ocrx_word' id='word_1_234' title='bbox 297 1721 445 1768; x_wconf 85' lang='lat' dir='ltr'>antris</span> <span class='ocrx_word' id='word_1_235' title='bbox 470 1718 798 1782; x_wconf 82' lang='lat' dir='ltr'>prospiciunt:</span> <span class='ocrx_word' id='word_1_236' title='bbox 836 1719 974 1768; x_wconf 87' lang='lat' dir='ltr'>tarda</span> <span class='ocrx_word' id='word_1_237' title='bbox 1006 1720 1161 1784; x_wconf 89' lang='lat' dir='ltr'>pulsat</span> <span class='ocrx_word' id='word_1_238' title='bbox 1195 1723 1396 1770; x_wconf 86' lang='lat' dir='ltr'>arteria:</span> <span class='ocrx_word' id='word_1_239' title='bbox 1434 1722 1646 1771; x_wconf 91' lang='lat' dir='ltr'>balbutit</span> <span class='ocrx_word' id='word_1_240' title='bbox 1668 1725 1835 1780; x_wconf 81' lang='lat' dir='ltr'>velox,</span> 
     </span>
     <span class='ocr_line' id='line_1_27' title="bbox 92 1782 1832 1852; baseline 0 -18"><span class='ocrx_word' id='word_1_241' title='bbox 92 1789 143 1834; x_wconf 84' lang='lat'>&amp;</span> <span class='ocrx_word' id='word_1_242' title='bbox 174 1784 337 1847; x_wconf 82' lang='lat' dir='ltr'>aspera</span> <span class='ocrx_word' id='word_1_243' title='bbox 361 1782 530 1846; x_wconf 87' lang='lat' dir='ltr'>gracili</span> <span class='ocrx_word' id='word_1_244' title='bbox 550 1783 602 1829; x_wconf 84' lang='lat' dir='ltr'>in</span> <span class='ocrx_word' id='word_1_245' title='bbox 621 1796 751 1831; x_wconf 80' lang='lat' dir='ltr'>voce</span> <span class='ocrx_word' id='word_1_246' title='bbox 771 1783 964 1845; x_wconf 86' lang='lat' dir='ltr'>lingua:</span> <span class='ocrx_word' id='word_1_247' title='bbox 1003 1786 1052 1832; x_wconf 67' lang='grc' dir='ltr'>ὃς</span> <span class='ocrx_word' id='word_1_248' title='bbox 1075 1785 1305 1846; x_wconf 88' lang='lat' dir='ltr'>nunquid</span> <span class='ocrx_word' id='word_1_249' title='bbox 1323 1785 1454 1834; x_wconf 91' lang='lat' dir='ltr'>bene</span> <span class='ocrx_word' id='word_1_250' title='bbox 1480 1784 1622 1842; x_wconf 81' lang='lat' dir='ltr'>hujus</span> <span class='ocrx_word' id='word_1_251' title='bbox 1642 1800 1832 1852; x_wconf 83' lang='lat' dir='ltr'>tempe·</span> 
     </span>
     <span class='ocr_line' id='line_1_28' title="bbox 91 1843 1832 1912; baseline 0.001 -16"><span class='ocrx_word' id='word_1_252' title='bbox 91 1850 217 1896; x_wconf 80' lang='lat' dir='ltr'>riem</span> <span class='ocrx_word' id='word_1_253' title='bbox 236 1858 291 1894; x_wconf 80' lang='lat' dir='ltr'>tu</span> <span class='ocrx_word' id='word_1_254' title='bbox 317 1843 741 1894; x_wconf 83' lang='lat' dir='ltr'>melancholicam</span> <span class='ocrx_word' id='word_1_255' title='bbox 767 1845 1029 1901; x_wconf 82' lang='lat' dir='ltr'>judicabis,</span> <span class='ocrx_word' id='word_1_256' title='bbox 1052 1847 1180 1895; x_wconf 88' lang='lat' dir='ltr'>illius</span> <span class='ocrx_word' id='word_1_257' title='bbox 1199 1847 1325 1897; x_wconf 81' lang='lat' dir='ltr'>vero</span> <span class='ocrx_word' id='word_1_258' title='bbox 1356 1848 1706 1912; x_wconf 74' lang='lat' dir='ltr'>sanguineam?</span> <span class='ocrx_word' id='word_1_259' title='bbox 1742 1852 1832 1898; x_wconf 88' lang='lat' dir='ltr'>uti-</span> 
     </span>
     <span class='ocr_line' id='line_1_29' title="bbox 93 1908 1828 1973; baseline 0.002 -16"><span class='ocrx_word' id='word_1_260' title='bbox 93 1924 219 1973; x_wconf 84' lang='lat' dir='ltr'>que:</span> <span class='ocrx_word' id='word_1_261' title='bbox 256 1923 375 1955; x_wconf 86' lang='lat' dir='ltr'>nam</span> <span class='ocrx_word' id='word_1_262' title='bbox 411 1909 561 1955; x_wconf 89' lang='lat' dir='ltr'>etiam</span> <span class='ocrx_word' id='word_1_263' title='bbox 589 1908 747 1955; x_wconf 81' lang='lat' dir='ltr'>luscus</span> <span class='ocrx_word' id='word_1_264' title='bbox 773 1908 1230 1972; x_wconf 76' lang='lat' dir='ltr'>praedoniinantem</span> <span class='ocrx_word' id='word_1_265' title='bbox 1261 1913 1312 1958; x_wconf 88' lang='lat' dir='ltr'>in</span> <span class='ocrx_word' id='word_1_266' title='bbox 1342 1911 1431 1958; x_wconf 92' lang='lat' dir='ltr'>illo</span> <span class='ocrx_word' id='word_1_267' title='bbox 1463 1914 1632 1960; x_wconf 74' lang='lat' dir='ltr'>aerem</span> <span class='ocrx_word' id='word_1_268' title='bbox 1668 1912 1828 1968; x_wconf 86' lang='lat' dir='ltr'>videt,</span> 
     </span>
     <span class='ocr_line' id='line_1_30' title="bbox 91 1969 1826 2034; baseline 0.002 -14"><span class='ocrx_word' id='word_1_269' title='bbox 91 1972 229 2028; x_wconf 77' lang='lat' dir='ltr'>cujus</span> <span class='ocrx_word' id='word_1_270' title='bbox 246 1972 449 2020; x_wconf 86' lang='lat' dir='ltr'>virtutes</span> <span class='ocrx_word' id='word_1_271' title='bbox 471 1970 659 2033; x_wconf 86' lang='lat' dir='ltr'>sanguis</span> <span class='ocrx_word' id='word_1_272' title='bbox 681 1969 935 2024; x_wconf 85' lang='lat' dir='ltr'>humidus,</span> <span class='ocrx_word' id='word_1_273' title='bbox 959 1971 1265 2034; x_wconf 78' lang='lat' dir='ltr'>calidusque,</span> <span class='ocrx_word' id='word_1_274' title='bbox 1279 1985 1430 2021; x_wconf 88' lang='lat' dir='ltr'>motu</span> <span class='ocrx_word' id='word_1_275' title='bbox 1447 1973 1627 2025; x_wconf 88' lang='lat' dir='ltr'>facilis,</span> <span class='ocrx_word' id='word_1_276' title='bbox 1652 1975 1826 2030; x_wconf 88' lang='lat' dir='ltr'>dulcis,</span> 
     </span>
     <span class='ocr_line' id='line_1_31' title="bbox 90 2031 1828 2103; baseline 0.002 -19"><span class='ocrx_word' id='word_1_277' title='bbox 90 2051 150 2084; x_wconf 87' lang='lat' dir='ltr'>ac</span> <span class='ocrx_word' id='word_1_278' title='bbox 173 2033 322 2082; x_wconf 90' lang='lat' dir='ltr'>ruber</span> <span class='ocrx_word' id='word_1_279' title='bbox 352 2047 410 2080; x_wconf 88' lang='lat' dir='ltr'>ex</span> <span class='ocrx_word' id='word_1_280' title='bbox 441 2031 537 2080; x_wconf 78' lang='lat' dir='ltr'>affe</span> <span class='ocrx_word' id='word_1_281' title='bbox 563 2032 737 2081; x_wconf 86' lang='lat' dir='ltr'>refert:</span> <span class='ocrx_word' id='word_1_282' title='bbox 774 2036 826 2082; x_wconf 88' lang='lat' dir='ltr'>in</span> <span class='ocrx_word' id='word_1_283' title='bbox 858 2031 952 2082; x_wconf 88' lang='lat' dir='ltr'>isto</span> <span class='ocrx_word' id='word_1_284' title='bbox 981 2047 1153 2083; x_wconf 89' lang='lat' dir='ltr'>autem</span> <span class='ocrx_word' id='word_1_285' title='bbox 1185 2047 1394 2097; x_wconf 89' lang='lat' dir='ltr'>utraque</span> <span class='ocrx_word' id='word_1_286' title='bbox 1423 2051 1580 2085; x_wconf 87' lang='lat' dir='ltr'>manu</span> <span class='ocrx_word' id='word_1_287' title='bbox 1608 2038 1828 2103; x_wconf 88' lang='lat' dir='ltr'>palpabit</span> 
     </span>
     <span class='ocr_line' id='line_1_32' title="bbox 93 2097 1826 2162; baseline 0.002 -16"><span class='ocrx_word' id='word_1_288' title='bbox 93 2097 385 2147; x_wconf 87' lang='lat' dir='ltr'>dominium</span> <span class='ocrx_word' id='word_1_289' title='bbox 409 2106 547 2142; x_wconf 87' lang='lat' dir='ltr'>terrae</span> <span class='ocrx_word' id='word_1_290' title='bbox 570 2127 584 2147; x_wconf 97' lang='lat'>,</span> <span class='ocrx_word' id='word_1_291' title='bbox 614 2110 768 2157; x_wconf 88' lang='lat' dir='ltr'>quam</span> <span class='ocrx_word' id='word_1_292' title='bbox 787 2110 891 2145; x_wconf 84' lang='lat' dir='ltr'>atra</span> <span class='ocrx_word' id='word_1_293' title='bbox 920 2097 1027 2145; x_wconf 91' lang='lat' dir='ltr'>bilis</span> <span class='ocrx_word' id='word_1_294' title='bbox 1061 2097 1274 2146; x_wconf 78' lang='lat' dir='ltr'>siccitate</span> <span class='ocrx_word' id='word_1_295' title='bbox 1305 2099 1387 2147; x_wconf 87' lang='lat' dir='ltr'>sua</span> <span class='ocrx_word' id='word_1_296' title='bbox 1415 2101 1466 2148; x_wconf 72' lang='grc' dir='ltr'>ὃς</span> <span class='ocrx_word' id='word_1_297' title='bbox 1498 2099 1685 2162; x_wconf 83' lang='lat' dir='ltr'>frigore</span> <span class='ocrx_word' id='word_1_298' title='bbox 1715 2103 1826 2150; x_wconf 88' lang='lat' dir='ltr'>imi-</span> 
     </span>
     <span class='ocr_line' id='line_1_33' title="bbox 91 2156 1827 2221; baseline 0.006 -19"><span class='ocrx_word' id='word_1_299' title='bbox 91 2173 237 2209; x_wconf 72' lang='lat' dir='ltr'>tatur.</span> <span class='ocrx_word' id='word_1_300' title='bbox 315 2159 448 2207; x_wconf 89' lang='lat' dir='ltr'>Hinc</span> <span class='ocrx_word' id='word_1_301' title='bbox 463 2172 520 2205; x_wconf 86' lang='lat' dir='ltr'>ex</span> <span class='ocrx_word' id='word_1_302' title='bbox 539 2158 736 2221; x_wconf 89' lang='lat' dir='ltr'>tripode</span> <span class='ocrx_word' id='word_1_303' title='bbox 758 2156 972 2208; x_wconf 73' lang='lat' dir='ltr'>minime</span> <span class='ocrx_word' id='word_1_304' title='bbox 992 2175 1144 2215; x_wconf 86' lang='lat' dir='ltr'>vano,</span> <span class='ocrx_word' id='word_1_305' title='bbox 1158 2161 1285 2209; x_wconf 86' lang='lat' dir='ltr'>illius</span> <span class='ocrx_word' id='word_1_306' title='bbox 1304 2161 1533 2210; x_wconf 88' lang='lat' dir='ltr'>indolem</span> <span class='ocrx_word' id='word_1_307' title='bbox 1552 2164 1684 2211; x_wconf 86' lang='lat' dir='ltr'>dices</span> <span class='ocrx_word' id='word_1_308' title='bbox 1705 2180 1827 2214; x_wconf 87' lang='lat' dir='ltr'>neu-</span> 
     </span>
     <span class='ocr_line' id='line_1_34' title="bbox 92 2219 1824 2288; baseline 0.003 -17"><span class='ocrx_word' id='word_1_309' title='bbox 92 2226 286 2285; x_wconf 85' lang='lat' dir='ltr'>tiquam</span> <span class='ocrx_word' id='word_1_310' title='bbox 316 2219 649 2284; x_wconf 86' lang='lat' dir='ltr'>suspiciosam,</span> <span class='ocrx_word' id='word_1_311' title='bbox 670 2233 754 2269; x_wconf 84' lang='lat' dir='ltr'>aut</span> <span class='ocrx_word' id='word_1_312' title='bbox 776 2222 998 2270; x_wconf 84' lang='lat' dir='ltr'>invidam</span> <span class='ocrx_word' id='word_1_313' title='bbox 1014 2255 1027 2276; x_wconf 87' lang='lat'>,</span> <span class='ocrx_word' id='word_1_314' title='bbox 1049 2239 1267 2288; x_wconf 89' lang='lat' dir='ltr'>pronam</span> <span class='ocrx_word' id='word_1_315' title='bbox 1289 2224 1352 2272; x_wconf 87' lang='lat' dir='ltr'>ad</span> <span class='ocrx_word' id='word_1_316' title='bbox 1370 2223 1484 2272; x_wconf 79' lang='lat' dir='ltr'>riliis</span> <span class='ocrx_word' id='word_1_317' title='bbox 1506 2227 1556 2275; x_wconf 70' lang='grc' dir='ltr'>ὃς</span> <span class='ocrx_word' id='word_1_318' title='bbox 1574 2227 1718 2281; x_wconf 88' lang='lat' dir='ltr'>iram,</span> <span class='ocrx_word' id='word_1_319' title='bbox 1741 2227 1824 2276; x_wconf 92' lang='lat' dir='ltr'>sed</span> 
     </span>
     <span class='ocr_line' id='line_1_35' title="bbox 93 2277 1820 2349; baseline 0.003 -16"><span class='ocrx_word' id='word_1_320' title='bbox 93 2301 204 2335; x_wconf 86' lang='lat' dir='ltr'>non</span> <span class='ocrx_word' id='word_1_321' title='bbox 220 2277 308 2332; x_wconf 82' lang='lat' dir='ltr'>nili</span> <span class='ocrx_word' id='word_1_322' title='bbox 331 2281 692 2331; x_wconf 83' lang='lat' dir='ltr'>breviffimam:</span> <span class='ocrx_word' id='word_1_323' title='bbox 726 2283 871 2341; x_wconf 86' lang='lat' dir='ltr'>hujus</span> <span class='ocrx_word' id='word_1_324' title='bbox 891 2285 1184 2349; x_wconf 88' lang='lat' dir='ltr'>suspicacem</span> <span class='ocrx_word' id='word_1_325' title='bbox 1200 2320 1213 2340; x_wconf 92' lang='lat'>,</span> <span class='ocrx_word' id='word_1_326' title='bbox 1238 2287 1548 2339; x_wconf 87' lang='lat' dir='ltr'>&amp;timidam,</span> <span class='ocrx_word' id='word_1_327' title='bbox 1573 2291 1820 2344; x_wconf 83' lang='lat' dir='ltr'>tetricam,</span> 
     </span>
     <span class='ocr_line' id='line_1_36' title="bbox 93 2343 1821 2415; baseline 0.002 -18"><span class='ocrx_word' id='word_1_328' title='bbox 93 2345 304 2410; x_wconf 75' lang='lat' dir='ltr'>atraque</span> <span class='ocrx_word' id='word_1_329' title='bbox 331 2343 579 2394; x_wconf 80' lang='lat' dir='ltr'>continuo</span> <span class='ocrx_word' id='word_1_330' title='bbox 608 2358 919 2408; x_wconf 89' lang='lat' dir='ltr'>coquentem</span> <span class='ocrx_word' id='word_1_331' title='bbox 943 2347 1114 2397; x_wconf 84' lang='lat' dir='ltr'>nubila</span> <span class='ocrx_word' id='word_1_332' title='bbox 1133 2382 1147 2403; x_wconf 93' lang='lat'>,</span> <span class='ocrx_word' id='word_1_333' title='bbox 1177 2352 1227 2399; x_wconf 73' lang='grc' dir='ltr'>ὅ(</span> <span class='ocrx_word' id='word_1_334' title='bbox 1254 2347 1587 2415; x_wconf 74' lang='lat' dir='ltr'>tempestates,</span> <span class='ocrx_word' id='word_1_335' title='bbox 1686 2353 1821 2400; x_wconf 79' lang='lat' dir='ltr'>Illius</span> 
     </span>
     <span class='ocr_line' id='line_1_37' title="bbox 90 2406 1820 2478; baseline 0.001 -20"><span class='ocrx_word' id='word_1_336' title='bbox 90 2426 262 2459; x_wconf 83' lang='lat' dir='ltr'>mores</span> <span class='ocrx_word' id='word_1_337' title='bbox 281 2410 538 2473; x_wconf 86' lang='lat' dir='ltr'>experieris</span> <span class='ocrx_word' id='word_1_338' title='bbox 559 2406 799 2463; x_wconf 85' lang='lat' dir='ltr'>affabiles,</span> <span class='ocrx_word' id='word_1_339' title='bbox 824 2409 887 2458; x_wconf 90' lang='lat' dir='ltr'>ad</span> <span class='ocrx_word' id='word_1_340' title='bbox 907 2425 1086 2460; x_wconf 87' lang='lat' dir='ltr'>omnes</span> <span class='ocrx_word' id='word_1_341' title='bbox 1105 2412 1388 2462; x_wconf 84' lang='lat' dir='ltr'>urbanitatis</span> <span class='ocrx_word' id='word_1_342' title='bbox 1409 2413 1539 2478; x_wconf 89' lang='lat' dir='ltr'>leges</span> <span class='ocrx_word' id='word_1_343' title='bbox 1569 2415 1788 2463; x_wconf 86' lang='lat' dir='ltr'>excultos</span> <span class='ocrx_word' id='word_1_344' title='bbox 1803 2445 1820 2466; x_wconf 86' lang='lat'>‚</span> 
     </span>
     <span class='ocr_line' id='line_1_38' title="bbox 94 2468 1819 2541; baseline 0 -20"><span class='ocrx_word' id='word_1_345' title='bbox 94 2475 240 2522; x_wconf 88' lang='lat' dir='ltr'>mites</span> <span class='ocrx_word' id='word_1_346' title='bbox 254 2505 267 2526; x_wconf 90' lang='lat'>,</span> <span class='ocrx_word' id='word_1_347' title='bbox 287 2487 344 2520; x_wconf 90' lang='lat' dir='ltr'>ac</span> <span class='ocrx_word' id='word_1_348' title='bbox 369 2472 568 2520; x_wconf 87' lang='lat' dir='ltr'>hilares:</span> <span class='ocrx_word' id='word_1_349' title='bbox 604 2471 747 2529; x_wconf 83' lang='lat' dir='ltr'>hujus</span> <span class='ocrx_word' id='word_1_350' title='bbox 767 2468 794 2520; x_wconf 85' lang='grc' dir='ltr'>ὲ</span> <span class='ocrx_word' id='word_1_351' title='bbox 813 2476 1068 2522; x_wconf 88' lang='lat' dir='ltr'>contrario</span> <span class='ocrx_word' id='word_1_352' title='bbox 1090 2475 1310 2539; x_wconf 87' lang='lat' dir='ltr'>asperos,</span> <span class='ocrx_word' id='word_1_353' title='bbox 1329 2475 1525 2525; x_wconf 76' lang='lat' dir='ltr'>silentio</span> <span class='ocrx_word' id='word_1_354' title='bbox 1554 2474 1819 2541; x_wconf 74' lang='lat' dir='ltr'>plusquam</span> 
     </span>
     <span class='ocr_line' id='line_1_39' title="bbox 85 2534 1820 2649; baseline 0.001 -65"><span class='ocrx_word' id='word_1_355' title='bbox 85 2535 433 2600; x_wconf 81' lang='lat' dir='ltr'>Pythagorico</span> <span class='ocrx_word' id='word_1_356' title='bbox 451 2534 666 2591; x_wconf 76' lang='lat' dir='ltr'>severos,</span> <span class='ocrx_word' id='word_1_357' title='bbox 677 2534 994 2649; x_wconf 51' lang='lat' dir='ltr'>Thebaidgm</span> <span class='ocrx_word' id='word_1_358' title='bbox 1011 2537 1224 2592; x_wconf 87' lang='lat' dir='ltr'>olentes,</span> <span class='ocrx_word' id='word_1_359' title='bbox 1236 2535 1392 2605; x_wconf 67' lang='lat' dir='ltr'>jugiqs</span> <span class='ocrx_word' id='word_1_360' title='bbox 1414 2536 1601 2607; x_wconf 66' lang='lat' dir='ltr'>tristitia</span> <span class='ocrx_word' id='word_1_361' title='bbox 1621 2551 1820 2601; x_wconf 87' lang='lat' dir='ltr'>torpen—</span> 
     </span>
    </p>

    <p class='ocr_par' dir='ltr' id='par_1_4' title="bbox 980 2612 1761 2650">
     <span class='ocr_line' id='line_1_40' title="bbox 980 2612 1761 2650; baseline 0 -2"><span class='ocrx_word' id='word_1_362' title='bbox 980 2614 1008 2648; x_wconf 85' lang='lat' dir='ltr'>a</span> <span class='ocrx_word' id='word_1_363' title='bbox 1041 2613 1070 2650; x_wconf 77' lang='lat'>2</span> <span class='ocrx_word' id='word_1_364' title='bbox 1687 2612 1761 2648; x_wconf 84' lang='lat' dir='ltr'>tes</span> 
     </span>
    </p>
   </div>
  </div>
 </body>
</html>
