2175 2911
43 1814 127 1861 Cic.
144 1813 173 1858 l.
192 1824 234 1856 2.

43 1879 95 1923 de
111 1875 246 1921 divin.

49 2017 70 2051 1
82 2039 93 2050 .
111 2003 217 2061 Reg.

52 2081 71 2112 1
82 2079 127 2124 4.

50 2128 261 2188 Porphyr.

48 2194 217 2241 invita.

52 2252 201 2312 ΕΜ.
217 2252 247 2298 ι.

338 102 394 148 52
940 79 1187 144 Diphthera
1209 79 1366 140 Jovis.

399 175 605 228 LEUC:
666 172 767 226 Vix
796 174 1041 225 occurrit,
1059 169 1166 236 quo
1200 168 1440 221 minus&
1463 165 1559 233 ipse
1588 165 1888 217 subscribam
1905 169 2029 219 Sen*

274 243 464 294 tentiae,
485 255 605 303 qua,
624 250 874 287 renovato
893 237 1192 302 diplomate,
1211 246 1375 283 totam
1391 227 1417 281 ὲ
1437 233 1666 296 Peripato
1687 231 1836 294 exigis
1849 228 2025 281 Astro-

274 305 496 367 logiam:
532 303 583 351 id
621 300 960 351 solummodo,
982 315 1065 348 mc
1096 297 1246 347 habet
1278 296 1554 344 attonitum
1579 327 1591 348 ,
1626 291 1771 356 quod
1797 294 2026 343 Oraculis

278 383 386 415 non
409 364 522 416 raro
544 364 839 430 respondeat
860 376 1090 415 eventus,
1111 364 1160 410 ὅ(
1192 358 1384 408 falsitati
1414 357 1570 405 fidem
1605 356 1754 404 faciat
1780 356 1879 420 ipsa
1913 372 2029 422 pro-

278 429 560 493 pemodum
583 431 779 478 veritas.
820 429 988 477 Petrus
1010 421 1141 474 certe
1162 420 1498 487 Apponenlis,
1519 419 1870 469 Albumazaris
1889 435 2031 484 regu·

278 496 379 542 lam
406 493 638 555 sequutus
655 525 668 547 ,
690 507 792 553 qua
809 492 922 554 qui,
937 486 1083 539 Lunai
1108 488 1135 545 J
1143 490 1229 536 ovi
1268 480 1535 541 conjuneffa
1549 516 1561 536 ,
1582 485 1633 532 in
1655 483 1813 547 capite
1834 483 2030 532 Draco-

276 559 378 610 nis,
400 557 546 605 DEO
576 552 691 604 sistit
722 554 769 604 fe
793 553 1086 619 supplicem,
1104 547 1350 613 quidquid
1378 542 1623 610 postulat,
1652 549 1910 609 impetrat,
1938 546 2033 595 hac

277 618 640 674 conjunctione
669 620 865 682 vigente
894 619 938 664 se
965 612 1103 665 stitit,
1135 614 1336 662 donum
1363 611 1587 660 Scientiae
1612 605 1775 674 periit,
1799 611 1848 658 &
1875 609 2036 674 impe-

277 686 442 731 travit.
521 681 823 746 Porphyrius
845 680 1086 728 violentas
1116 676 1201 725 fibi
1223 691 1400 723 manus
1430 673 1530 730 jam
1557 673 1809 727 illaturus,
1833 670 1860 720 ὲ
1881 673 2032 722 Ploti-

277 762 350 795 no
380 746 473 794 sese
493 745 807 810 prohibitiun
831 743 1017 795 scribit,
1039 741 1122 802 qui
1144 756 1198 788 ex
1220 738 1360 787 cursu
1384 733 1657 785 Astrorum
1688 737 2031 800 praemonitus,

278 811 396 858 illuc
417 812 468 858 in
496 822 727 873 tempore
748 804 1042 856 advolfifl'et„
1137 804 1223 852 Sic·
1241 798 1359 849 teste
1378 801 1627 848 Suetonio
1646 799 1880 863 Nigidius
1910 798 2033 863 figu-

277 873 378 926 lus,
403 872 541 935 supra
570 870 818 919 cacabum
848 868 1088 919 eruditus,
1117 863 1357 915 confectio
1380 859 1594 926 Augusti
1624 861 1846 910 horosco
1885 878 1920 911 o
1954 877 2034 911 ex-

276 931 512 984 clamziss'e
540 934 695 983 fertur
712 951 729 980 ε·
784 931 906 979 Orbis
928 933 1166 977 Dominum
1188 926 1260 985 effi?
1287 938 1456 974 natum„
1526 925 1609 973 Sic
1637 924 1843 988 Rudolp
1886 940 1919 972 o
1942 928 2035 989 pri-

276 1013 370 1057 mo
392 999 444 1046 in
464 998 603 1046 Aula
624 995 856 1044 F'rid'erici·
872 993 1068 1039 Caesari's
1089 990 1297 1037 versanti
1317 989 1557 1034 Romana
1577 987 1783 1048 Sceptra
1801 984 2035 1051 praesagiit

276 1077 386 1110 non
415 1074 609 1109 nemo,
633 1059 758 1103 inter
778 1050 1086 1114 Astrologos
1111 1049 1144 1096 si
1166 1064 1273 1096 non
1307 1047 1532 1093 fatidicus
1549 1079 1562 1099 ,
1596 1043 1730 1095 certe
1762 1049 2006 1099 veridicus
2019 1082 2041 1103 ,-

279 1123 335 1170 iit
360 1115 723 1169 demonstravit
742 1126 973 1163 eventus..
1045 1114 1206 1157 MEL2
1287 1110 1407 1158 Hoc
1437 1109 1675 1170 equidem
1703 1107 1916 1159 minime
1945 1114 2037 1160 mi-

276 1199 392 1236 ror,
419 1196 539 1230 nam
558 1180 655 1228 fuit
675 1182 725 1228 &
747 1177 866 1226 Saul
892 1177 1021 1224 inter
1051 1171 1359 1238 Prophetas:
1387 1171 1600 1226 Plotini,
1622 1175 1675 1222 <Sc
1704 1171 2038 1239 Apponenses

275 1261 387 1295 non
409 1254 626 1294 movent
639 1259 655 1289 :·
685 1241 791 1290 scios
809 1255 872 1287 ex
886 1253 1119 1302 quonam
1139 1235 1339 1301 tripode
1359 1234 1414 1283 hi
1430 1235 1510 1283 sua
1531 1237 1733 1299 auguria
1748 1253 1765 1284 :ss
1796 1235 1883 1285 nifi
1906 1239 2039 1303 pige-

276 1309 525 1371 retaugiae
546 1302 800 1354 stabulum
816 1302 1026 1351 reserare
1040 1334 1059 1353 ,Α
1077 1299 1428 1363 horoscopum
1448 1298 1539 1346 illis
1561 1295 1842 1354 statuerem,
1861 1313 1918 1349 ut
1934 1316 2039 1350 ma-

278 1372 355 1427 ior
374 1371 512 1420 distis
542 1369 674 1418 foret
693 1367 816 1415 fides
832 1399 852 1419 ,.
867 1378 1015 1426 atquc
1036 1362 1350 1413 Authoritas.
1451 1362 1648 1410 Scilicet
1662 1396 1674 1417 ,
1695 1377 1949 1413 caecorum
1967 1366 2038 1412 jn-

278 1431 372 1482 star
392 1434 453 1481 ad
485 1444 674 1480 metam
710 1429 974 1478 collimant
998 1459 1010 1480 ,
1043 1427 1217 1474 millies
1257 1436 1449 1478 errant,
1476 1425 1647 1473 saltem
1678 1427 1789 1475 casu
1826 1427 2038 1492 scopum

277 1496 432 1544 semel
459 1508 513 1544 ut
535 1495 728 1543 feriant.
776 1487 1055 1540 Christiana
1083 1485 1215 1537 certe
1238 1489 1465 1552 Religio,
1486 1489 1583 1543 jam
1611 1502 1726 1538 ante
1752 1491 1842 1538 tria
1860 1507 1954 1556 pro
1993 1505 2039 1538 e-

279 1557 501 1607 modum
539 1557 709 1605 saecula
733 1588 745 1609 ,
782 1554 922 1603 suam·
949 1553 1160 1617 ingloria
1199 1550 1435 1599 cl'ausifl'et
1471 1553 1740 1615 periodum
1762 1585 1776 1606 ,
1812 1552 1847 1601 fi
1888 1554 1940 1603 A
1986 1569 2039 1602 ra

280 1617 611 1686 phantastica,
634 1613 929 1679 cerebrique
955 1617 1114 1664 emoti
1141 1630 1373 1667 cancros,
1395 1617 1444 1663 ὃς
1473 1615 1760 1678 scorpiones
1790 1615 1919 1663 bene
1947 1617 2047 1665 ob-

281 1680 809 1746 servssffetdmpudens-
827 1679 1215 1728 mendaciorum
1236 1676 1391 1730 faber,
1415 1677 1738 1727 Albumazar.
1807 1678 1909 1726 Sed
1928 1680 2039 1742 quis

282 1749 334 1796 in
355 1747 623 1796 cumulum
640 1756 719 1794 tot
740 1743 1004 1792 mendacia
1033 1743 1213 1806 cogat?
1250 1755 1359 1788 non
1385 1740 1463 1788 ille
1502 1736 1582 1788 ide
1611 1741 1774 1794 Cato,
1795 1743 1963 1789 mirari
1990 1742 2038 1790 se

286 1811 430 1864 dixit,
455 1809 564 1872 qubd
594 1824 673 1853 non
699 1807 906 1868 Aruffiex
940 1807 1100 1852 rideret
1123 1840 1136 1856 ,
1168 1804 1412 1864 Aruspicem
1436 1755 1667 1861 fipvidzffec
1685 1839 1698 1855 ,
1730 1805 1844 1865 quia
1867 1804 2046 1853 sinen..

286 1874 387 1921 sem
417 1873 606 1925 Sinon,
629 1869 922 1920 Cretensem
954 1868 1190 1925 Mercurii
1222 1882 1506 1932 pronepos,
1536 1865 1622 1914 fibi
1649 1865 1861 1915 fimil'em
1882 1867 2037 1931 Syco-

287 1936 551 1999 phantam,
573 1937 724 1983 a'e'reo
746 1934 960 1996 dignum·
985 1931 1209 1980 tumulo„
1305 1931 1366 1978 Et
1386 1930 1511 1978 vero
1542 1928 1764 1994 ipsimet,
1787 1930 2040 1981 conversis

289 1999 441 2047 veluti
461 1997 752 2062 gladiis,sese
776 1989 1420 2059 configunt,Philisteorum
1442 2008 1670 2057 propago
1692 1995 1860 2057 impia.
1927 1995 2041 2044 Plo·

290 2062 444 2114 tinus,
468 2061 551 2108 diu
585 2057 918 2124 Astrologi‘cae
947 2060 1151 2106 cortinae
1178 2056 1342 2106 cultor
1367 2089 1379 2110 ,
1414 2055 1621 2104 tandem
1651 2056 2039 2106 mendaciorum

290 2123 416 2172 satur
433 2156 444 2175 ,
468 2123 561 2186 ipse
584 2123 777 2170 futilem
805 2118 1005 2171 calamo
1030 2121 1312 2170 confutavit
1330 2121 1620 2168 Scientiam..
1717 2119 2034 2184 Porphyrius,

293 2186 545 2250 sacrilegus
573 2185 597 2233 ὁ
619 2185 712 2232 fide
735 2185 986 2249 transfuga
1002 2219 1014 2238 ,
1038 2181 1312 2249 postquam·
1328 2183 1485 2239 Coelo
1507 2181 1724 2231 exclusus
1739 2216 1751 2236 ,
1775 2180 1929 2231 Astris
1952 2181 2035 2230 ad-

294 2249 448 2298 distus
463 2282 474 2301 ,
501 2251 549 2295 in
574 2249 770 2296 Orbem
793 2248 1088 2298 declamavit
1114 2248 1221 2295 iion
1242 2246 1418 2299 semel,
1440 2245 1727 2308 exquisitam
1746 2246 2035 2293 futurorum

54 2318 270 2377 θάψῃς-
293 2313 559 2362 Scientiam
576 2344 588 2363 ,
609 2325 773 2371 neque
802 2311 906 2366 Diis
928 2312 1116 2375 semper
1144 2308 1452 2359 concessam„
1545 2311 1822 2358 Hincinter
1844 2308 2038 2355 Oracu-

45 2393 145 2443 par.

57 2446 225 2501 Evang.

57 2519 156 2554 fil.

293 2377 339 2424 la
372 2375 621 2440 Apollinis
661 2371 891 2435 Delphici
923 2373 1028 2423 hoc
1055 2376 1205 2422 etiam
1236 2374 1385 2421 refert
1409 2371 1723 2436 responsum:
1776 2369 1883 2415 nihil
1913 2370 2035 2416 hodie
2095 2405 2097 2407 >

283 2438 501 2493 stellarum
523 2438 629 2486 mihi
653 2438 729 2481 via
760 2436 973 2482 dicendum
991 2436 1172 2497 praestat.
1273 2437 1372 2486 Cui
1403 2433 1701 2485 confcffioni
1722 2464 1735 2484 ,
1762 2444 1866 2478 tam
1899 2435 2034 2496 inge-

292 2518 432 2558 nuae,
457 2499 611 2565 quam
638 2497 876 2553 derniffae,
908 2498 1009 2550 hoc
1037 2501 1200 2551 subdit
1228 2499 1592 2566 epiphonema,
1617 2495 2034 2608 ῦεηῑίἰὶέἓιιωῌῡε

1847 2596 1879 2623 0
1949 2588 1969 2599 -
