2242 2911
441 109 500 169 36
1031 103 1190 166 Sphinx
1223 100 1469 166 Clariffimae.

369 199 631 264 quidquid
650 214 698 248 cs
719 232 733 254 ‚
761 196 1071 249 'beneficium
1107 199 1224 249 DEI
1253 212 1303 247 cs
1335 214 1346 245 :
1395 206 1525 260 quot
1559 209 1791 248 numeras
1832 205 2100 246 momenta
2118 227 2135 250 ‚

368 277 451 312 tot·
469 267 733 312 innumera
752 278 983 312 numeras
1003 260 1243 312 beneficia
1259 276 1277 309 r
1306 262 1452 309 nimis
1474 262 1619 324 igitur
1639 259 1688 308 in
1728 271 1890 308 ratum
1903 290 1918 313 ‚
1936 272 2003 309 eo
2023 269 2154 309 mo?
2232 253 2235 288 ἶ

369 340 551 376 mento
566 327 769 378 DEUM
794 324 1199 387 offendere‚·quo
1222 323 1311 372 suis
1330 335 1380 370 te
1398 321 1646 380 beneficiis
1670 337 1705 374 0
1744 325 1858 372 ruit.
1925 320 2136 371 Infinitae

367 390 685 455 perfcffionis
706 386 775 438 est
795 390 969 440 DEUS
992 406 1003 436 ;
1041 387 1162 450 crgo
1199 382 1391 435 infinite
1422 398 1627 450 potens:
1694 398 1930 450 operatur
1957 385 2138 436 omnia

370 459 426 504 in
443 453 682 502 omnibus
704 486 717 507 ‚
754 456 804 502 in
822 453 932 518 Ipso
955 453 1146 514 agimus
1166 483 1179 503 ,
1215 464 1491 501 movemur
1512 482 1525 502 ,
1562 452 1611 498 ὅ(
1637 448 1802 498 sumus
1829 467 1839 496 :
1876 450 1926 496 in
1949 447 2061 512 Ipso
2083 449 2134 496 ὅ(

371 516 638 581 perlpsum
659 519 850 570 omnia,
875 514 975 565 fine
988 514 1098 579 Ipso
1116 512 1266 562 nihil:
1297 511 1492 577 prorsus
1513 513 1660 575 igitur
1684 511 1990 562 inauditum,
2008 507 2035 559 ὲ
2066 509 2143 563 dj-

373 582 500 628 viuis
519 579 702 636 auxiliis
723 576 1050 628 iustrumenta
1070 576 1311 625 scelerum
1337 575 1520 623 cudere
1536 607 1549 629 ,
1586 577 1635 623 ὃς
1659 574 1786 622 velle
1810 608 1822 627 ‚
1859 588 1913 623 ut
1937 574 1999 624 ad
2021 572 2144 622 hot-

378 643 595 691 rendum
622 642 690 691 sui
709 643 1000 691 Deicidium
1024 650 1292 688 concurrat
1309 638 1504 689 DEUS,
1589 636 1797 686 Infinitae
1824 636 2144 700 perfectionis

373 703 446 754 cst
468 706 679 757 DEUS:
717 705 840 770 ergo
862 700 1054 754 infinite
1085 702 1289 752 Sanetus
1321 719 1331 749 ε
1369 700 1717 766 procumbunt
1749 700 1936 764 Angcli
1963 733 1975 752 ‚
2014 699 2142 747 dum

370 769 679 820 sanetitatem
705 770 821 818 DEI
849 768 1197 833 proclamant:
1235 765 1403 815 velant
1432 765 1582 813 facies
1605 765 1737 815 suas,
1773 765 1821 812 δε
1847 774 2045 811 tantum
2064 762 2141 810 lu-

368 849 494 882 men
514 848 624 881 non
647 829 906 881 sustinent:
944 831 1254 894 complicant
1284 828 1382 877 alas
1404 861 1418 882 ‚
1454 830 1504 878 &
1537 843 1631 892 prae
1670 826 2004 876 admiratione
2033 840 2141 873 ma-

365 909 491 946 nent
509 897 714 944 immoti
734 913 745 944 z
791 895 1055 944 inclinatur
1069 892 1282 942 Coelum
1307 891 1370 940 ad
1390 892 1748 943 reverentiam,
1771 889 1923 939 Orbis
1944 889 2143 936 univcr-

367 959 445 1009 sus
466 959 681 1008 adorat:
719 962 770 1009 ὅ(
797 971 852 1008 tu
891 969 1126 1022 peccator
1159 954 1387 1009 sordide,
1424 955 1619 1020 Epicuri
1642 954 1704 1001 de
1738 952 1883 1007 hara,
1932 950 2143 1016 Sophe‚

368 1033 427 1071 tu
445 1019 695 1071 sustinebis
721 1018 1036 1078 Maiestatem
1063 1022 1289 1084 impurus
1318 1051 1331 1072 ‚
1367 1031 1467 1080 qua
1498 1016 1621 1065 nihil
1650 1018 1852 1080 purius?
1889 1028 1946 1063 tu
1976 1014 2136 1078 speres

371 1086 675 1134 intuiturum
702 1096 751 1132 te
775 1085 957 1132 faciem
981 1115 996 1137 ,
1032 1097 1132 1144 qua
1163 1080 1287 1129 nihil
1310 1080 1548 1128 sanffius?
1584 1081 1763 1142 Apage
1793 1081 1801 1125 !
1842 1078 1904 1125 ad
1931 1077 2143 1131 scofras,

365 1149 435 1197 ad
448 1147 630 1199 hircos,
653 1149 801 1195 omni
819 1146 962 1195 hirco
982 1143 1197 1208 putidius
1213 1142 1425 1195 animal,
1444 1136 1705 1206 magisque
1728 1140 1969 1190 foetidum
1992 1155 2146 1188 mon-

368 1207 546 1260 strum.
630 1207 838 1257 Infinitae
873 1206 1194 1272 perfeetionis
1220 1201 1290 1252 est
1319 1205 1495 1255 DEUS
1527 1222 1537 1252 :
1576 1203 1699 1268 ergo
1772 1206 1916 1252 ariter
1948 1198 2141 1252 infinite

371 1274 402 1332 J
407 1269 556 1322 ustus,
625 1271 864 1322 Vindicat
885 1272 938 1319 in
961 1269 1120 1319 Coelo
1142 1286 1153 1315 :
1190 1269 1333 1331 punit
1353 1270 1405 1316 in
1426 1268 1685 1316 Paradiso:
1707 1283 1740 1316 u
1762 1267 1951 1316 ciscitur
1973 1265 2142 1330 inipso

369 1338 495 1388 Deo
511 1337 778 1384 Incarnato
791 1352 801 1381 :
816 1334 1078 1396 inAngelo
1091 1332 1353 1394 cogitatio,
1366 1332 1417 1378 in
1428 1330 1642 1379 Adamo
1654 1331 1921 1383 morsus‚in
1933 1325 2139 1377 Christo

373 1400 522 1463 culpa
553 1399 711 1447 aliena
742 1411 847 1445 tam
876 1398 1110 1444 atrociter
1158 1389 1418 1458 castigatur
1454 1410 1463 1440 :
1501 1395 1551 1443 ὅ(
1579 1406 1664 1441 tua
1689 1391 1929 1452 tantaque
1957 1391 2140 1456 flagitia

371 1463 531 1527 speres
550 1474 605 1510 tu
627 1461 911 1536 impunita?
947 1458 1070 1521 quid
1093 1456 1214 1521 quid
1243 1471 1355 1521 agas
1389 1458 1441 1504 in
1476 1470 1836 1518 quamcunque
1870 1468 1918 1503 te
1940 1467 2136 1516 partem

371 1537 534 1575 vertas
559 1558 572 1579 ‚
607 1525 752 1573 serius
784 1556 796 1577 ,
833 1520 990 1586 ocyus
1011 1520 1256 1568 luendum
1281 1531 1545 1584 peccatum
1567 1514 1635 1566 est
1654 1551 1669 1573 ‚
1704 1516 1787 1567 hic
1809 1519 1888 1567 vel
1915 1519 2011 1565 illic
2036 1551 2050 1571 ,
2071 1520 2142 1583 ig-

374 1603 441 1636 ne
462 1600 546 1636 aut
599 1603 697 1650 qua
719 1621 732 1641 ,
757 1587 988 1649 lacrymis
1012 1584 1092 1632 vel
1113 1582 1355 1631 flammis:
1393 1595 1477 1630 tua
1501 1578 1570 1629 est
1589 1583 1754 1646 optio,
1772 1578 1937 1639 Justus
1951 1582 2134 1638 judex,

374 1651 542 1699 inflexi
580 1651 679 1704 ilis,
702 1666 813 1699 non
831 1647 1117 1698 leniendus,
1144 1645 1384 1698 omnibus
1407 1659 1576 1707 aequus
1604 1646 1762 1710 exiget
1793 1644 1856 1693 ad
1884 1643 2036 1705 usque
2066 1646 2141 1695 ul-

373 1715 561 1763 timum
582 1714 932 1776 quadrantem,

500 1777 697 1827 LEUC:
736 1775 1067 1840 Philosophus
1097 1789 1205 1823 non
1225 1768 1318 1828 est,
1343 1787 1498 1836 quem
1520 1767 1605 1822 ista
1635 1787 1730 1822 nec
1752 1783 1835 1822 tan
1873 1783 1964 1822 unt
1984 1805 1996 1826 ‚
2040 1788 2136 1823 nec

371 1853 563 1893 angunt
588 1858 597 1887 :
636 1837 810 1889 frustra
840 1836 1180 1904 apostrophen
1210 1836 1533 1902 amplificaret
1566 1835 1765 1900 longius
1794 1838 1831 1886 P
1871 1835 2134 1900 ilosoph'ra.

374 1892 539 1953 MFL:
577 1905 639 1952 Et
673 1916 845 1951 tamen
878 1901 1033 1965 quam
1069 1902 1261 1950 multos
1290 1898 1358 1948 est
1376 1903 1600 1949 invenire
1620 1932 1633 1955 ‚
1658 1901 1756 1972 ‘qui
1790 1899 1853 1948 ad
1887 1898 2018 1947 hanc
2051 1916 2138 1949 na-
2208 1933 2211 1935 -

372 1978 494 2014 turae
534 1982 722 2017 vocem
760 1965 928 2019 surdi,
962 1965 1044 2013 vel
1097 1964 1332 2012 obdurati
1389 1963 1556 2028 potius
1594 1995 1608 2017 ,
1654 1979 1704 2010 m
1738 1962 1837 2027 ipsa
1899 1964 2134 2012 naturalis

375 2029 583 2079 scientiae
619 2027 832 2094 palaestra
857 2062 871 2082 ‚
906 2030 1157 2076 rationem
1185 2039 1372 2075 exuunt
1394 2059 1406 2079 ‚
1448 2025 1704 2091 ipsamque
1735 2023 1959 2089 jugulant
1992 2039 2135 2075 natu-

375 2108 501 2141 ram.
603 2093 702 2142 Sed
726 2093 788 2141 ad
825 2092 1123 2141 sanffimem
1144 2089 1508 2153 Philosophum
1540 2123 1554 2143 ‚
1589 2090 1956 2152 Areopagitam
1990 2089 2136 2138 intel-

372 2156 480 2220 ligo
503 2189 516 2210 ,
551 2168 876 2206 revertamur.
974 2156 1055 2203 Sic
1088 2150 1175 2202 iste
1214 2150 1369 2201 audiit
1398 2150 1726 2215 Philosophiae
1755 2151 2013 2199 clamantis
2042 2166 2134 2200 vo-

375 2234 514 2269 cem,
552 2231 606 2267 ut
630 2219 948 2282 responderet
966 2251 978 2271 ‚
1013 2233 1123 2266 non
1141 2216 1301 2266 verbis
1334 2213 1499 2264 modo
1525 2248 1537 2268 ‚
1573 2214 1655 2262 sed
1687 2213 1829 2276 quod
1851 2214 2009 2270 majus
2035 2212 2132 2267 est,

372 2281 529 2330 fastis.
629 2281 746 2331 Iino
779 2282 1021 2346 superavit
1053 2292 1282 2329 naturam
1305 2311 1318 2332 ‚
1363 2280 1449 2341 qui
1488 2277 1553 2327 fic
1576 2289 1856 2340 aequaverat
1889 2279 2128 2341 gratiam,

375 2357 434 2393 ut
450 2345 652 2396 DEUM
671 2378 682 2398 ‚
706 2360 861 2407 quem
884 2342 1023 2393 nosse
1037 2355 1287 2408 coeperat,
1304 2344 1356 2390 in
1374 2354 1560 2390 naturae
1583 2341 1815 2404 caligine,
1838 2355 2005 2389 amare
2025 2357 2134 2405 per-

373 2420 517 2472 geret
550 2410 604 2456 in
630 2409 821 2457 lumine
844 2409 1022 2472 gratiae.
1124 2408 1340 2457 Felicem
1372 2405 1739 2470 Areopagitam
1772 2439 1786 2454 ‚
1839 2405 1924 2466 qui
1955 2420 2127 2460 aram,

374 2474 522 2529 ignoto
542 2473 670 2519 DEO
697 2472 912 2520 erectam
935 2503 949 2525 ‚
982 2470 1047 2520 sic
1061 2469 1394 2534 Philosophus
1412 2470 1571 2519 coluit
1586 2499 1601 2520 ,
1636 2478 1691 2515 ut
1709 2478 1949 2528 tanquam
1959 2466 2135 2517 Theo-

368 2532 562 2601 sophus
587 2531 747 2600 magis
770 2535 1047 2588 excoleret!
1080 2549 1204 2589 nam
1241 2533 1411 2588 cresto
1445 2535 1499 2588 in
1528 2530 1731 2585 titulum
1766 2530 1898 2583 libro
1923 2563 1937 2586 2
1955 2545 2129 2603 ‚quem

1945 2607 2063 2652 ἄηθ’,

2234 2108 2237 2122 1

2235 2126 2238 2135 .

2235 2166 2237 2222 ι

2234 2231 2238 2306 l

2234 2357 2237 2374 l
