2175 2911
93 2006 202 2041 cent.
219 2006 235 2038 1
249 2028 261 2040 .

391 140 406 170 1
420 137 479 180 34
942 123 1196 168 ’Academia
1222 123 1472 169 Brutorum.

322 213 477 277 Qui,
504 208 665 271 inquit
677 205 1064 258 Aldrovandus:
1085 210 1217 261 sunt,
1245 211 1330 270 qui
1353 208 1476 256 dum
1499 206 1620 257 alios
1641 203 1788 253 labore
1805 211 1976 255 vincere
1983 209 2071 264 stu.

320 277 443 324 dent,
464 276 509 318 in
530 273 664 318 medio
689 283 810 331 opere
829 274 1145 320 immoriantur.
1184 290 1209 320 a
1243 271 1506 317 continentie?
1529 287 1623 335 prae
1646 271 1845 333 reliquis
1868 270 1912 319 se
1932 271 1975 320 se
1997 289 2075 321 ce·

244 388 254 398 ‚
323 338 481 386 lebres
502 335 717 384 reddunt
735 337 991 389 Turtures,
1008 336 1275 400 bigamiam
1299 349 1511 381 omnem
1536 332 1688 381 exosi:
1729 333 1926 385 castitate
1953 335 2074 400 Api-

324 402 473 453 culae‚
507 400 609 457 jure
639 398 665 446 ἐι
692 400 767 447 Μ.
796 399 1025 447 Varrone
1061 400 1198 447 dietae
1233 413 1334 442 aves
1367 399 1592 455 virginea»,
1624 395 1929 459 Musarumque
1951 400 2074 444 volu-

326 482 440 511 cres:
488 462 520 511 b
556 478 663 512 non
687 464 823 509 enim
853 464 1031 522 Corpora
1054 463 1188 521 segnes
1208 464 1251 506 in
1275 459 1476 505 Venerem
1491 460 1693 515 solvunt,
1720 476 1793 505 nec
1809 458 1939 518 foetus
1963 464 2077 508 nixi-

249 575 259 586 ,
322 528 396 575 bus
419 528 562 573 edunt.
601 542 627 573 c
661 526 942 585 Simplicitate
964 527 1276 574 celebrantur
1304 522 1595 576 Columbae,
1614 524 1876 586 Serpentes
1899 525 2080 584 pruden-

323 590 387 639 τίἂ
410 591 532 639 dum
555 604 728 637 aurem
752 604 900 637 unam
923 601 1059 637 terrae
1085 587 1307 650 affigunt,
1326 587 1533 633 alteram
1562 585 1720 634 caud&
1742 585 1981 650 sapienter
2005 585 2076 633 ob-

324 666 497 704 turant,
521 670 571 698 ne
591 655 822 698 exaudiant
845 669 990 698 vocem
1010 650 1186 707 venefici
1206 651 1481 696 incantantis.
1565 648 1888 708 Abnegationis
1912 664 2073 725 quoq3

277 765 287 775 ,
324 718 560 767 encomia
583 716 863 764 retulitLeo
885 715 964 763 ille
979 713 1368 766 Barcinonensis,
1396 729 1421 760 e
1441 714 1603 774 qui,ut
1627 712 1841 761 furiosos
1857 716 2074 761 nimium

325 785 404 830 irae
427 783 642 845 impetus
666 778 1011 827 moderaretur
1027 812 1039 831 ‚
1058 791 1162 825 tam
1186 777 1414 825 violento
1439 777 1483 824 se
1506 775 1550 823 se
1582 777 1795 839 imperio
1827 776 2076 841 compres-

327 844 383 894 sit
397 878 410 898 ,
431 856 485 892 ut
502 839 664 892 subito
694 854 974 891 moreretur
988 875 1000 895 ‚
1023 842 1204 890 fortior
1225 842 1395 902 utique
1415 839 1539 887 dum
1561 838 1630 891 se,
1653 837 1807 900 quum
1831 840 1953 888 dum
1974 839 2077 889 for·

255 930 290 964 -‚
326 906 505 956 tissima
543 907 660 956 vicit
694 906 924 954 animalia
947 938 960 958 ‚
998 900 1380 970 prostravitque.
1490 903 1569 950 Sic
1605 916 1837 951 amorem
1865 917 2076 965 quoque

327 967 608 1020 coelestium
631 984 725 1017 nos
741 967 893 1016 docet
907 967 1256 1036 Uranoseopu}
1271 966 1422 1029 piscis,
1437 963 1464 1013 ὲ
1485 965 1678 1021 juniore
1691 965 1857 1014 Tobia
1877 977 2071 1029 captus:

266 1081 277 1092 ,
327 1049 524 1084 nomen
542 1034 683 1079 traxit
706 1045 762 1076 ex
786 1032 988 1078 omine3
1022 1044 1143 1075 nam
1166 1042 1372 1074 unicum
1394 1027 1604 1074 oculum
1623 1041 1814 1088 gerens,
1836 1042 1942 1089 quo
1957 1029 2080 1077 Coe-

328 1101 434 1146 lum
457 1094 662 1158 spediar,
682 1091 850 1138 erceto
868 1090 1061 1152 semper
1079 1086 1170 1136 stat
1203 1102 1445 1150 corpore,
1484 1086 1620 1149 quasi
1638 1086 1786 1137 nobis
1816 1101 2080 1153 oggereret

277 1206 288 1218 ,
328 1159 451 1210 illud
471 1155 657 1211 Ovidii.
696 1153 725 1200 f

620 1221 676 1263 Os
693 1215 854 1262 homini
864 1212 1047 1270 sublime
1072 1214 1189 1260 dedit
1201 1247 1214 1263 ‚
1230 1210 1461 1277 Coelumque
1477 1215 1596 1259 tueri

621 1277 781 1341 ¹Juffie,
803 1279 860 1325 (Τ
882 1277 1039 1324 ενεῖἱος
1062 1278 1116 1322 ad
1134 1278 1283 1323 Sidera
1302 1279 1450 1323 tollere
1471 1277 1637 1325 vulcus.

333 1347 500 1398 Etiam
530 1345 671 1392 Crucis
693 1357 882 1388 amorem
916 1339 939 1396 <
952 1342 1038 1404 qui
1067 1344 1120 1389 in
1141 1340 1434 1389 hominibus
1465 1338 1642 1397 rarus)
1675 1342 1875 1407 reperiri
1901 1344 1954 1393 in
1979 1344 2083 1393 ani-

251 1458 262 1469 ,
331 1409 545 1461 malibus
565 1404 776 1456 Author
795 1401 863 1452 est
885 1404 1290 1467 Nierenbergius.
1326 1419 1359 1467 g
1392 1404 1485 1452 Ait
1514 1404 1621 1458 ille,
1650 1405 1823 1454 Avem
1855 1407 2083 1457 Indicam

333 1473 428 1522 effe
461 1471 484 1529 <
505 1471 585 1519 eui
607 1482 803 1517 nomen
827 1466 1181 1522 Hoitzileotlus)
1217 1469 1446 1531 exiguam
1476 1482 1696 1531 corpore
1716 1501 1729 1521 ‚
1766 1469 1846 1518 sed
1869 1470 2083 1534 pruden-

333 1534 402 1585 ti&
422 1533 641 1598 quadarn
673 1530 949 1580 incredibili
982 1531 1373 1594 praeeellentem:
1421 1545 1532 1593 quae
1554 1528 1884 1595 posteaquam
1915 1533 2086 1584 adole·
2160 1542 2163 1574 ἰ

333 1600 485 1651 verit,
508 1609 775 1661 proceram
794 1594 1031 1642 arborem
1061 1607 1271 1656 quaerat,
1301 1596 1353 1642 in
1386 1609 1508 1658 qua,
1532 1608 1750 1657 quoquo
1780 1593 1947 1660 potest
1974 1613 2089 1649 mo-
2158 1594 2171 1636 .'·

335 1663 425 1717 do,
449 1657 788 1722 crucifigatur:
824 1656 1068 1719 siquidem
1100 1657 1244 1706 affixa
1270 1654 1463 1712 rostro,
1485 1673 1543 1705 ex
1573 1673 1630 1707 ea
1662 1658 1707 1705 se
1729 1659 2002 1722 suspendit,
2022 1676 2084 1712 ac

336 1741 423 1790 per
449 1719 680 1772 semestre
712 1720 946 1785 spatium,
967 1732 1052 1769 aut
1080 1721 1261 1777 jejuna,
1286 1735 1372 1770 aut
1394 1733 1598 1771 mortua
1627 1721 1694 1770 illi
1717 1722 1959 1776 adhaeret,
1989 1725 2082 1774 do-

335 1805 430 1838 nee
452 1787 609 1835 vitalis
633 1789 673 1841 ej
697 1783 929 1832 refloreat
947 1799 1166 1833 annona.
1205 1785 1237 1834 h
1270 1786 1368 1834 Sed
1376 1785 1617 1842 fidelitatis,
1638 1788 1687 1835 ὅ(
1705 1788 1985 1846 gratitudinis
2003 1786 2086 1836 de-

338 1868 458 1902 cora
476 1850 509 1899 fi
534 1851 923 1914 praetermittam‚
939 1847 1000 1895 de
1021 1849 1293 1897 Brutorum
1311 1849 1481 1898 Ethica
1501 1848 1623 1896 nihil
1646 1850 1759 1900 dixi,
1786 1848 1863 1896 vel
1886 1864 2079 1913 parum.

336 1915 544 1982 Speciali
565 1909 818 1960 memoria
837 1911 1110 1960 celebratur
1134 1915 1310 1960 canina
1327 1912 1529 1977 species,
1555 1927 1706 1974 quam
1731 1914 1891 1958 homini
1899 1911 2083 1975 fidelissi.

337 1995 448 2026 mam
470 1975 670 2026 testatur
696 1976 904 2026 Pliniuss
930 1974 1133 2040 Lypfius
1155 1973 1278 2024 vero
1303 1977 1540 2040 exemplis
1565 1975 1853 2029 confirmat,
1871 1989 2082 2040 uterque

94 2055 306 2119 ‘’p-44&
339 2043 400 2091 de
424 2043 697 2090 Brutorum
713 2038 992 2103 Republica
1012 2035 1206 2102 optime
1234 2041 1454 2088 meritus.
1555 2039 1701 2088 Aluit
1719 2055 1898 2088 canem
1918 2041 2079 2106 Lypfij

95 2132 202 2167 cent.
223 2131 262 2176 3.

95 2180 210 2246 epist.
222 2181 295 2239 56.

340 2106 499 2157 Avia,
528 2105 612 2166 qui
635 2102 696 2150 ab
722 2106 1004 2166 aegrotantis
1026 2103 1253 2151 thalamo
1275 2136 1289 2156 ,
1314 2106 1362 2153 vi
1393 2103 1528 2151 nulla
1552 2103 1731 2168 depelli
1758 2115 1970 2167 poterat,
1997 2105 2082 2154 diu

340 2165 597 2228 nofih'ique
618 2165 772 2214 fidelis
796 2167 938 2230 vigi13
975 2169 1054 2216 vix
1073 2168 1151 2215 illa
1164 2169 1286 2216 Fatis
1306 2165 1752 2220 concefferat‚eum
1774 2167 1854 2215 ille
1874 2167 2082 2222 ululans,

340 2230 544 2281 reduit&
563 2227 747 2281 cauda,
777 2231 827 2276 in
852 2233 1061 2279 hortum
1084 2230 1129 2279 se
1157 2233 1392 2296 proripit,
1411 2231 1620 2294 pedibus
1649 2231 1879 2280 scrobem
1909 2231 2082 2281 leniter

343 2295 561 2346 fodicat,
585 2291 629 2339 se
652 2291 696 2341 se
717 2294 917 2355 ingerit,
938 2297 986 2343 ὃς
1013 2294 1113 2343 fine
1137 2296 1369 2343 Domina
1401 2295 1511 2342 vitae
1540 2295 1765 2359 pertaesus
1780 2331 1792 2347 ,
1815 2294 1990 2356 pariter
2012 2298 2081 2345 Vi-

344 2353 638 2410 veredesiit.
722 2356 772 2403 A
794 2357 1051 2405 Cadavere
1070 2357 1242 2422 Pyrrhi
1267 2356 1521 2417 cujusdam
1544 2358 1687 2407 avelli
1710 2359 1840 2406 canis
1864 2371 1971 2405 non
1991 2374 2080 2419 po-

346 2421 461 2470 tuit:
498 2417 616 2468 cum
642 2415 920 2473 efferretur,
939 2423 974 2468 is
996 2421 1173 2470 insilire
1199 2425 1252 2471 in
1281 2422 1494 2475 lestum,
1519 2421 1638 2470 cum
1670 2421 2002 2484 deponeretur
2028 2423 2080 2472 in

346 2499 532 2548 rogum
562 2484 598 2531 is
627 2483 802 2547 pariter
824 2482 867 2530 se
889 2483 932 2531 se
951 2485 1172 2547 ingerere
1192 2519 1206 2540 ,
1230 2489 1280 2537 ὅ(
1305 2485 1403 2535 unzi
1423 2501 1539 2534 eum
1558 2485 1683 2533 hero
1702 2481 1855 2530 fidelis
1881 2484 2082 2539 viiiima

348 2550 402 2599 in
419 2549 608 2599 cineres
627 2544 797 2611 redigi.
873 2549 1012 2599 Titio
1029 2549 1218 2603 Sabino
1233 2583 1247 2607 ‚
1268 2552 1454 2602 Romae
1476 2550 1528 2598 in
1549 2559 1740 2596 carcere
1756 2547 2081 2610 interempto,

1891 2625 1947 2660 ac
1966 2626 2019 2661 m
