2175 2911
748 119 881 167 Atlas
911 116 1235 180 Philofhphicus.
1751 125 1784 177 7

95 209 151 261 lit
163 208 257 262 effe
277 207 538 278 persuas'OS.
596 206 696 258 Sed
714 205 877 257 luceat
890 208 1160 272 Eugubino
1181 212 1264 259 lux
1283 208 1384 268 ista,
1406 209 1608 277 ejusque
1631 206 1844 261 affecli33

94 290 214 324 nam
235 277 285 324 in
299 276 510 324 tenebris
527 271 681 327 seder,
703 273 992 334 quicunque
1012 271 1239 321 tenebras
1263 274 1404 331 hujus
1421 277 1541 326 lucis
1562 291 1670 325 non
1689 273 1843 325 videt,

96 353 205 402 quae
219 340 513 389 Creaturam
531 333 733 385 adstruit
753 334 814 384 ab
834 347 1039 385 aeterno.
1140 336 1351 386 Coelum
1373 337 1493 403 ergo
1518 353 1814 404 empyreum
1828 369 1843 391 2

92 416 274 452 verum
292 415 473 465 corpus
501 398 595 448 esse
616 410 840 447 creatum
864 410 968 447 tam
989 410 1182 447 certum
1205 397 1272 448 est
1293 433 1304 453 ‚
1341 401 1495 462 quam
1511 405 1695 452 ineerta
1716 402 1842 450 illius

93 464 289 518 forma,
312 476 461 526 atque
482 463 716 516 materia,
744 461 886 515 situs,
909 460 1090 525 figura,
1124 463 1298 526 origo,
1333 463 1539 528 aliaeque
1567 467 1841 515 innumerae

91 530 431 593 proprietates.
499 526 655 575 Diem
665 525 823 575 Coelo
836 524 952 573 huic
969 525 1206 579 natalem,
1222 539 1337 574 ante
1350 543 1563 577 omnem
1578 529 1845 584 diem2An-

85 591 272 654 gelicus
292 587 494 639 adstruit
523 601 534 639 ζ
570 588 673 638 hoc
700 590 835 637 enirn
866 584 986 636 teste
1007 621 1022 643 ‚
1053 600 1279 642 creatum
1307 586 1377 638 est
1408 603 1507 637 ante
1533 591 1691 646 lucem,
1727 605 1839 655 quae

87 653 248 717 phrafi
267 655 527 718 Scripturae
548 649 812 717 synonima
829 653 914 697 dies
930 646 1015 699 est.
1068 652 1261 714 Cyrillo
1287 651 1321 701 fi
1342 652 1463 701 fides
1478 687 1491 707 ‚
1526 667 1747 704 creatum
1773 652 1842 702 est

84 716 232 766 serius
249 734 260 765 ε
274 716 436 765 namsi
449 718 614 780 primo
636 714 713 763 die
724 714 823 771 jam
840 712 1035 764 stetiffet
1046 712 1261 765 coelestis
1270 715 1424 771 Aula,
1438 713 1570 765 male
1583 718 1843 767 Mundum

86 778 275 828 dixisset
290 781 492 843 Moyses
509 776 732 825 informe
753 776 924 826 chaos.
1025 779 1123 827 Sed
1147 782 1232 842 qui
1250 778 1450 844 preffius
1475 781 1660 829 Mundi
1679 781 1844 830 Gene-

85 841 158 890 fin
174 844 442 894 rimantur,
467 855 560 887 nec
581 851 696 887 ante
715 873 728 894 ,
749 854 842 888 nec
865 837 979 905 post
999 843 1223 906 primum
1245 844 1381 892 diem
1403 842 1708 908 productum
1729 843 1844 892 asse-

83 917 201 952 runt
223 903 432 952 Coeluni
453 917 751 967 empyreum
773 920 783 950 :
821 919 930 952 non
944 917 1058 953 ante
1072 938 1084 959 ‚
1120 909 1237 969 quia
1247 908 1325 964 sex
1341 905 1486 952 diebus
1506 907 1654 952 Coelmn
1674 909 1840 954 &ter-
1872 888 2009 936 Ede·
2029 901 2080 936 11

83 982 175 1012 ram
193 965 377 1013 factam
400 967 640 1014 novimus
665 983 675 1013 :
739 982 848 1016 non
866 964 980 1031 post
1006 1002 1019 1022 ,
1056 971 1171 1031 quia
1191 972 1235 1015 in
1251 973 1464 1031 principio
1497 969 1647 1017 Caelum
1671 970 1729 1016 esf
1746 980 1834 1015 ter·
1867 965 2005 998 220·

79 1044 174 1075 ram
203 1026 351 1087 creciffis
370 1028 547 1092 legitur
569 1029 797 1077 Creator.
875 1031 1257 1082 Lucidissimum
1279 1034 1373 1082 effe
1395 1033 1498 1082 hoc
1525 1028 1836 1097 coelestepa-
1868 1018 1976 1062 Gen·
1998 1028 2037 1061 ¹·

82 1091 258 1139 latium
281 1124 293 1145 ‚
329 1105 488 1139 nenio
513 1088 609 1144 est,
649 1094 736 1153 qui
767 1096 1021 1155 negaverit
1042 1129 1055 1145 ‚
1093 1095 1179 1143 nisi
1200 1097 1252 1142 in
1273 1097 1340 1145 D.
1372 1095 1615 1158 scripturae
1646 1097 1839 1177 Oralcu-
1864 1096 1911 1123 v·
1932 1090 1975 1128 ¹·

80 1154 135 1202 lis
160 1151 447 1202 admodum
478 1155 778 1218 peregrinus.
878 1156 1114 1204 Solidum
1149 1156 1242 1205 esse
1282 1160 1541 1207 convincit
1569 1161 1697 1206 ratio
1718 1179 1747 1213 ‚y
1768 1160 1834 1208 eo

77 1215 225 1279 quod
245 1218 522 1266 Beatorum
544 1231 761 1280 corpora
779 1217 901 1266 illud
922 1216 1014 1266 sint
1031 1218 1258 1268 habitura
1283 1235 1377 1284 pro
1391 1223 1682 1284 pavimento
1699 1220 1729 1267 :¹l
1744 1224 1837 1267 Im-

79 1293 242 1327 motum
264 1296 322 1328 ex
346 1295 414 1329 eo
432 1279 732 1343 colligimus,
754 1278 898 1342 quod
927 1281 1069 1331 locus
1090 1280 1148 1331 fit
1170 1285 1324 1344 quieti
1345 1295 1591 1349 perpetua:
1628 1279 1836 1333 destina-

78 1355 172 1394 tus·
206 1407 404 1460 LEUC:
473 1405 572 1455 Sed
593 1405 716 1469 quid
746 1405 809 1454 de
830 1404 922 1455 fitu
944 1408 994 1456 ὃς
1021 1407 1349 1470 amplitudine
1365 1442 1379 1462 ‚
1427 1409 1549 1471 quid
1573 1409 1635 1456 de
1661 1408 1834 1473 pulch-

73 1471 293 1520 ritudine
317 1466 529 1523 coelestis
559 1469 702 1526 hujus
721 1470 991 1527 Jerusalem
1012 1469 1303 1536 Philosophi
1335 1472 1548 1520 sentiunt
1575 1473 1590 1520 ἒ
1672 1474 1830 1518 MEL:

71 1535 290 1585 Incerta:
327 1550 448 1582 nam
470 1549 579 1596 quae
600 1530 829 1585 afferunt,
852 1532 1104 1587 divinant5
1153 1549 1261 1597 quae
1284 1533 1521 1589 afferunt,
1541 1546 1834 1583 autumant:

74 1597 351 1646 discurrunt
371 1596 511 1646 velut
530 1596 591 1644 de
609 1595 866 1652 coloribus
892 1599 1008 1645 caeci
1021 1630 1033 1651 ‚
1055 1598 1193 1646 velut
1210 1598 1339 1647 surdi
1357 1599 1418 1646 de
1429 1597 1721 1647 harmonia:
1750 1614 1832 1644 non

74 1663 187 1706 enim
208 1661 350 1720 ocultis
370 1661 486 1705 vidit
508 1692 522 1713 ,
543 1676 618 1705 nec
637 1664 753 1705 auris
772 1661 944 1706 audivit
960 1693 976 1714 ,
1011 1677 1084 1707 nec
1098 1665 1143 1707 in
1166 1678 1236 1708 cor
1258 1662 1436 1708 hominis
1458 1662 1662 1719 aftendit,
1699 1677 1830 1724 quan·
1865 1687 1904 1721 1.
1921 1674 2010 1721 (⁸073
2026 1689 2071 1724 2.

71 1734 121 1769 ta
135 1726 447 1783 praeparave7·it
467 1724 637 1770 DEUS
660 1722 1002 1782 diligentibm-se.
1120 1725 1449 1789 Angelorum
1480 1721 1550 1773 est
1578 1724 1645 1772 de
1666 1725 1826 1773 Coelis
1857 1756 1904 1785 v,
1922 1751 1966 1795 9,

73 1785 366 1839 discurrere,
393 1785 809 1851 nonSophorum
830 1804 839 1833 :
877 1785 927 1834 hi
948 1786 1072 1849 quid
1089 1789 1210 1851 quid
1233 1790 1423 1842 dicant,
1444 1789 1513 1836 nil
1536 1788 1733 1839 dicunt3
1762 1787 1831 1836 di-

70 1852 335 1902 minuunt,
365 1849 489 1898 dum
506 1861 706 1914 augent.
774 1851 857 1898 Ne
881 1862 1054 1898 tamen
1077 1865 1198 1901 vota
1223 1848 1300 1917 pie
1324 1851 1515 1900 curiosa
1539 1848 1828 1906 destituam,

70 1911 307 1960 delibabo
325 1945 339 1965 ,
366 1927 474 1974 quae
488 1913 740 1977 Sphaeram
763 1912 1167 1978 Philosophicam
1187 1931 1295 1964 non
1316 1914 1686 1964 transcendunt.
1736 1914 1828 1964 Al-

69 1974 338 2023 titudinem
361 1976 551 2037 aliquot
570 1976 732 2024 verbis
755 1977 950 2026 mensus
974 1974 1043 2024 est
1080 1978 1274 2027 divinus
1294 1979 1495 2032 Psaltes,
1527 1978 1650 2027 dum
1674 1978 1828 2027 coele-

70 2034 150 2087 stis
168 2036 377 2086 Bafilicae
399 2036 677 2095 fundamenta
697 2039 817 2087 dixit
837 2039 932 2088 esse
957 2043 1001 2086 in
1023 2039 1235 2087 montibus
1245 2041 1429 2098 faustis:
1466 2038 1599 2090 certe
1617 2042 1827 2090 incredi-

68 2100 168 2149 bile
186 2100 340 2150 videri
364 2099 548 2164 posset,
584 2102 726 2164 quod
753 2115 924 2152 tamen
946 2103 1260 2169 Philosophis
1296 2117 1518 2157 certum,
1543 2102 1710 2154 modo
1740 2121 1827 2170 per

68 2164 383 2212 transennam
401 2163 1123 2216 salutaverintAstronomiam.
1191 2169 1339 2225 Juxta
1359 2169 1610 2218 calculum
1624 2170 1826 2218 Riccio-

68 2227 131 2281 li,
152 2224 373 2292 Magistri
394 2229 446 2275 in
478 2240 580 2275 arte
602 2227 836 2282 celebris,
873 2232 953 2278 cui
972 2244 1128 2279 nemo
1156 2229 1314 2281 fidem
1335 2235 1592 2295 negaverit
1624 2231 1711 2282 nisi
1731 2234 1822 2281 im-

68 2294 250 2354 peritus
265 2324 279 2344 2
310 2290 545 2340 infimum
565 2293 721 2340 Lunae
741 2291 952 2341 Coelum
974 2291 1139 2342 {iterra
1159 2291 1316 2349 distat,
1332 2299 1690 2360 quinquaginta
1711 2295 1818 2343 mil·
1902 2345 1909 2352 ‚

69 2356 130 2403 lia
140 2357 513 2418 septingenta‚&
525 2355 848 2418 quadraginta
860 2356 1083 2405 milliaria
1094 2360 1431 2421 germanica.S
1438 2361 1529 2409 olis
1542 2356 1665 2410 vero
1678 2372 1819 2420 quar-
1841 2341 2030 2417 &stan-t·

70 2428 177 2467 tum
187 2418 400 2467 Coeluni
420 2417 593 2470 abesse,
607 2421 690 2473 ait,
705 2418 732 2468 ὲ
755 2430 882 2467 terra
901 2418 978 2468 sex
998 2421 1305 2471 millionibus
1318 2421 1456 2489 supra
1476 2425 1705 2476 ununb&
1725 2433 1815 2467 tre·
1844 2408 1952 2479 med·-
1978 2423 2026 2454 ²⁷²

72 2493 211 2530 centa
221 2481 390 2535 millia,
410 2496 467 2530 ac
491 2480 703 2530 ducenta
715 2485 888 2549 viginti
908 2483 1131 2534 milliaria
1141 2490 1448 2550 germanica:
1470 2486 1678 2537 fixarum
1696 2478 1818 2532 vero
1830 2468 1979 2524 semd-

73 2539 304 2597 distantiae
315 2543 518 2611 affignat
531 2545 790 2610 odtoginta
809 2545 887 2600 sex
897 2547 1174 2607 milliones‚
1195 2564 1418 2614 quorum
1442 2550 1646 2616 quilibet
1658 2547 1818 2595 conti-
1838 2544 1976 2582 ²⁶⁷³*ae-

1667 2621 1754 2660 net
