2175 2911
701 112 831 161 Atlas
850 110 1173 172 Philosbphicus.
1688 129 1746 177 25

76 198 251 268 Qem
275 201 524 253 turbinem
554 196 589 248 fi
618 198 669 247 in
682 197 819 256 finum
841 199 1010 268 aerem
1031 228 1044 251 ,
1069 209 1210 247 certo
1233 200 1426 267 impetu
1455 216 1786 256 commotum
1801 238 1817 259 ,

78 266 328 320 refundas,
350 261 671 327 refragabitur
690 257 952 331 Lithuania
967 291 980 313 ,
1004 271 1180 323 utpote
1204 277 1312 324 quae
1331 265 1459 315 bene
1483 271 1730 322 meminit,
1741 267 1817 317 fu-

74 329 208 378 rioso
230 326 473 385 ejusmodi
487 324 639 374 AEolo
658 338 842 388 pagum
859 333 1108 385 integrum
1128 327 1390 393 quondam
1411 327 1503 378 effe
1522 336 1815 382 contritum,

73 393 255 457 segetes
276 394 325 439 in
354 388 571 438 modum
591 387 760 451 platcae
784 384 991 437 evulsas,
1016 388 1064 433 &
1087 384 1375 439 foenisecam
1397 393 1638 442 sublatum
1665 398 1711 443 in
1738 398 1814 442 Ξὲ-

73 472 125 504 ra
150 489 162 509 ‚
205 450 315 519 post
352 464 568 515 quatuor
604 448 824 513 primum
866 448 1089 495 milliaria
1128 460 1264 498 terra:
1310 453 1480 505 denuo
1514 454 1810 506 restitutum.

73 519 206 568 Hinc
231 518 367 566 venti
400 530 508 564 non
540 511 654 561 raro
678 510 926 575 assurgunt
953 508 980 558 ὲ
1001 512 1145 559 maris
1169 511 1358 568 fundo,
1382 533 1584 581 propter
1602 521 1787 584 ipit-itus
1803 553 1814 574 ‚

71 577 101 629 ὲ
122 581 348 644 Neptuni
373 575 606 631 faucibus.
625 574 888 623 crustatos,
986 574 1120 622 Hinc
1152 577 1299 624 color
1334 581 1386 626 in
1410 580 1611 630 Phoebo
1642 585 1816 646 igneus

70 656 251 694 ventos
271 642 547 707 promittit,
579 635 644 687 eo
669 634 812 699 quod
841 636 1054 690 indicet,
1077 636 1412 689 exhalationes
1439 644 1646 695 torridas
1666 651 1716 695 in
1738 651 1816 696 a'e'-

69 721 122 753 re
144 701 419 767 congestas.
519 703 651 750 Hinc
677 703 806 747 circa
828 701 1190 749 Promontoria
1206 734 1219 754 ‚
1239 700 1357 750 hinc
1385 708 1512 754 circa
1545 709 1711 757 littora
1736 726 1818 757 ve-

67 769 326 817 hementes
351 768 647 828 plerumque
673 773 910 810 notamus
933 775 1137 815 ventos,
1167 778 1373 828 propter
1402 783 1610 831 vapores
1644 769 1670 819 e
1704 775 1818 820 vici-

65 835 139 880 nis
157 844 293 878 terrae
313 826 572 877 visceribus
593 822 852 872 resolutos.
896 826 1048 874 Scivit
1070 823 1153 874 ista
1167 828 1472 883 Columbus‚
1487 836 1534 880 ὅ(
1553 832 1637 880 nisi
1656 835 1820 884 Philo-

71 891 277 956 sophus,
297 889 461 937 audeo
486 888 677 938 dicerc,
697 902 896 935 novum
919 889 1178 956 Mundum
1202 906 1310 939 non
1339 894 1611 943 invenifl'et.
1679 899 1819 945 Nam

67 955 186 1004 cum
215 954 267 1000 in
293 953 419 1000 mari
442 949 704 1000 Atlantico
742 949 1072 1002 ferocissimos
1115 953 1310 1002 sentiret
1350 969 1530 1006 ventos
1566 960 1822 1023 Europam

66 1015 248 1069 versus,
268 1014 398 1064 bene
419 1014 706 1076 collegerat,
729 1013 854 1061 ultra
877 1015 1150 1064 Oceanum
1170 1016 1264 1065 effe
1286 1030 1487 1073 terram,
1501 1036 1608 1083 quae
1627 1034 1704 1070 tot
1723 1038 1819 1087 pro

64 1080 226 1128 ventis
247 1077 308 1125 de
335 1091 480 1125 novo
508 1075 712 1128 halitus,
735 1075 928 1138 semper
952 1077 1350 1128 succenturiaret.
1451 1083 1703 1133 Caeterum
1735 1086 1819 1134 ha,

63 1141 229 1191 litibus
272 1137 406 1187 siccis
431 1171 444 1192 ‚
482 1152 694 1201 vapores
732 1153 840 1184 non
873 1136 986 1186 raro
1018 1139 1257 1189 humidos
1291 1146 1639 1199 commisceri,
1677 1145 1744 1195 est
1766 1153 1817 1197 in

61 1214 351 1268 comperto.
453 1202 591 1249 Nam
622 1201 901 1263 experimur
924 1200 1041 1264 saepe
1070 1216 1249 1251 ventos
1277 1204 1342 1252 sat
1366 1206 1598 1270 frigidos,
1621 1210 1740 1274 ssepe
1762 1212 1817 1259 il-

60 1268 140 1318 los
162 1267 395 1314 sentimus
417 1263 764 1312 definitionum
784 1260 1024 1311 molestos
1045 1265 1321 1320 Authores,
1339 1272 1453 1330 quia
1471 1274 1638 1333 aqueis
1660 1274 1815 1337 reple-

63 1343 144 1379 tos
167 1327 539 1393 vaporibus‚qui
553 1329 602 1374 ὃς
613 1324 696 1387 ipfi
709 1325 779 1372 ob
791 1324 1079 1374 adscititiam
1091 1330 1413 1384 raritatenb&
1428 1333 1682 1383 levitatem
1695 1351 1813 1398 qua-

63 1392 366 1456 quaversum
390 1388 576 1454 impelli
594 1385 810 1452 poffunt.
906 1390 1039 1437 Hinc
1064 1387 1148 1443 est,
1170 1406 1256 1439 cur
1277 1390 1564 1450 fluminum,
1589 1400 1637 1447 &
1653 1400 1814 1460 Ocea.

65 1460 121 1506 ni
142 1455 344 1507 accolae,
364 1452 391 1501 a
410 1453 567 1502 ventis
593 1448 706 1499 raro
731 1452 998 1504 immunes,
1018 1453 1184 1515 jugem
1199 1454 1417 1504 AEoliam
1437 1462 1764 1521 experiantur.

199 1517 398 1567 LEUC:
485 1510 756 1563 Delineasti
786 1527 1057 1564 ventorum
1086 1516 1250 1566 vultus
1277 1550 1289 1571 ,
1323 1517 1402 1566 sed
1434 1521 1656 1570 necdum
1686 1524 1811 1571 alas:

64 1585 172 1645 quis
191 1581 364 1630 AEolus
387 1577 601 1628 ventosae
625 1575 741 1624 huic
761 1577 989 1642 phalangi
1016 1578 1393 1643 datrimpetum?
1429 1598 1537 1646 quae
1557 1586 1697 1634 caula
1719 1588 1811 1634 im-

63 1642 264 1709 pulsus?
329 1644 486 1688 MEL:
554 1639 773 1689 Nodum
793 1643 966 1704 tangis,
992 1642 1192 1691 Gordio
1220 1643 1505 1709 supparem,
1526 1662 1679 1710 quem
1703 1651 1811 1713 plu-

61 1722 138 1756 res
159 1701 414 1754 tentarunt
435 1700 626 1752 frustra.
728 1704 1123 1754 Monarchicum
1140 1706 1316 1756 AEolus
1346 1724 1454 1758 non
1474 1710 1627 1759 habet
1655 1713 1810 1776 impe-

61 1772 220 1819 rium:
259 1767 368 1817 sunt
397 1768 560 1831 plures
579 1798 590 1821 ‚
609 1781 832 1830 quorum
862 1781 1010 1816 nutus
1044 1769 1256 1818 adorant
1285 1776 1436 1821 venti.
1535 1776 1663 1824 Non
1684 1791 1810 1825 nun-

64 1846 220 1895 quam
251 1830 437 1894 spiritus
457 1863 470 1882 ‚
502 1845 632 1892 quos
658 1831 737 1878 vel
762 1829 915 1879 sidera
945 1834 1190 1896 Legatos,
1218 1835 1297 1882 vel
1316 1837 1520 1884 Tartara
1540 1837 1809 1887 emiss'arios

62 1895 295 1958 ablegant
319 1893 582 1945 Satellites‚
608 1895 762 1947 Euris,
786 1894 865 1941 scu
886 1895 1111 1952 Favonijs
1139 1896 1304 1944 laxant
1338 1897 1572 1948 habenas.
1672 1903 1812 1967 Saepe

61 1958 275 2007 Planeta:
303 1957 504 2004 turbant
531 1969 803 2005 ventorum
826 1959 1089 2021 Regnum:
1127 1975 1261 2008 nune
1292 1962 1431 2008 enim
1452 1963 1700 2024 Cynthius
1731 1981 1809 2012 ex·

63 2031 235 2069 tenuat
261 2021 453 2069 aerem,
477 2018 654 2067 halitus
672 2019 874 2074 sufficit,
897 2033 1048 2083 atque
1068 2037 1304 2085 vapores:
1341 2039 1474 2072 nunc
1488 2027 1706 2090 Cynthia
1724 2030 1811 2092 spi-

60 2086 181 2132 ritus
201 2083 445 2145 concitat:
483 2081 598 2130 hinc
618 2095 763 2131 notat
785 2085 1017 2138 Maurus,
1037 2097 1151 2133 ante
1169 2086 1324 2134 Lunae
1346 2087 1578 2150 deliquia,
1603 2090 1680 2139 sex
1703 2092 1810 2140 fere

61 2146 240 2199 horas,
265 2145 562 2209 plerumque
588 2158 769 2194 ventos
804 2147 1117 2195 tumultuari:
1154 2148 1235 2196 sed
1265 2152 1314 2199 ὅ(
1337 2151 1567 2200 nobilem
1598 2155 1811 2203 advertit

1892 387 2017 432 Anno

1890 449 2026 507 1675,

61 2209 296 2272 Anglum
313 2240 326 2261 ‚
346 2206 623 2271 ‘syphones
648 2211 699 2255 in
726 2209 992 2264 noviluniis
1025 2209 1208 2265 noem,
1230 2211 1292 2260 de
1317 2212 1394 2261 die
1427 2215 1555 2264 nasci
1582 2219 1630 2265 in
1657 2219 1808 2282 pleni-
1842 2218 2017 2265 Bohum.

61 2273 220 2321 Iuniis.
299 2271 453 2318 Nunc
481 2268 567 2316 fibi
597 2271 863 2333 imperium
895 2286 1128 2336 arrogant
1156 2273 1453 2325 subterranei
1483 2281 1647 2342 ignes,
1683 2296 1807 2343 quo-

62 2351 179 2383 rum
199 2348 298 2398 ope
322 2328 349 2380 ὲ
377 2332 627 2395 catadupis
654 2334 828 2381 elevati
861 2350 1096 2398 vapore&
1122 2332 1304 2401 aliique
1337 2341 1388 2386 in
1415 2341 1657 2406 hvpogeis
1682 2357 1806 2390 rare-

64 2398 181 2446 faCti
202 2396 417 2461 spiritus,
439 2399 665 2443 maximo
693 2411 810 2444 cum
844 2399 1070 2462 impetu‚
1092 2415 1180 2464 per
1208 2396 1469 2453 montium
1498 2404 1727 2469 liphones
1757 2419 1804 2451 e-

40 2456 320 2526 'rumpunt.
391 2459 544 2507 Nunc
567 2473 653 2522 per
675 2461 934 2508 montium
958 2461 1087 2526 juga,
1109 2463 1293 2527 liquata
1323 2465 1517 2529 hyems,
1541 2469 1712 2529 salinis,
1734 2468 1805 2514 ni-

66 2522 230 2579 trosis,
256 2525 306 2573 ὅ(
328 2520 591 2572 flatulentis
615 2521 854 2588 spiritibus
879 2526 1048 2636 a'essem
1070 2529 1316 2581 concitat:
1352 2531 1471 2584 hinc
1491 2528 1656 2583 Etefiae
1685 2529 1806 2601 fiant

1688 2608 1741 2643 in
