2175 2911
809 126 956 186 Janm‘
985 122 1172 184 Bifrons.
1678 133 1766 171 221

105 215 375 269 Profeffori
392 217 438 268 se
457 214 666 274 fisteret,
690 217 1043 284 interroganti,
1066 233 1194 267 num
1223 217 1275 266 in
1301 230 1428 268 orco
1453 216 1602 268 etiam
1624 215 1833 281 dispute⁴

106 284 213 330 tur?
247 282 464 347 reposuit
492 284 600 343 apud
617 280 777 340 inferos
787 282 1046 340 fizlummodo
1066 283 1294 345 quaeritur,
1319 297 1373 326 an
1395 283 1555 344 aliquid
1576 298 1656 327 non
1667 282 1728 339 fit
1745 291 1833 341 poe-

106 347 190 391 na?
226 349 275 396 ὃς
298 346 556 394 resolvitur
577 357 656 405 pro
672 357 801 406 parte
823 343 1048 405 negativas-
1088 359 1212 392 mox
1246 343 1325 391 ille
1354 343 1738 393 conclusionem
1771 341 1835 391 ad

107 409 316 457 oculum
342 405 794 458 demonstraturus:
833 425 949 474 age,
975 409 1161 471 iuquit,
1181 406 1215 454 si
1233 406 1397 458 lubet,
1423 408 1485 454 ad
1511 409 1698 456 inferos
1733 421 1836 454 me·

105 487 225 519 cum
250 471 512 525 descende,
539 475 587 522 ὃ(
609 474 789 521 Hercle
810 472 997 525 senties,
1018 471 1139 518 nihil
1170 485 1279 517 non
1308 468 1401 516 esse
1430 485 1654 533 poenam.
1749 470 1836 519 Vi-

104 533 243 583 debis
270 535 445 583 locum
466 536 516 583 in
537 547 714 584 centro
741 548 877 584 terrae
892 569 904 590 ,
929 537 1016 598 qui
1038 534 1065 582 a
1086 533 1178 582 fitu
1195 533 1435 586 infernus,
1455 531 1482 579 a
1501 533 1713 580 tenebris
1735 548 1837 581 car-

84 613 212 650 cer,
239 596 266 645 a
285 598 626 662 profunditate
647 598 863 662 abyssus,
895 598 956 647 ab
978 601 1093 661 igne
1114 611 1267 660 rogus
1282 628 1295 648 ,
1321 594 1349 643 a
1370 595 1520 642 fumo
1543 598 1783 649 caminus,
1807 593 1837 644 ὲ.

102 659 332 723 sulphure
351 657 578 725 stagnum
595 697 606 712 ,
630 660 657 709 a
679 662 869 710 foetore
890 661 1137 726 mephytis
1152 693 1165 713 ,
1188 661 1215 708 a
1236 657 1572 707 Daemonibus
1604 672 1834 709 tartarus,

107 721 134 771 a
162 725 406 771 damnatis
439 723 692 787 gehenna,
724 723 750 772 a
777 724 1153 788 perturbatione
1185 721 1340 771 chaos
1366 754 1379 775 ,
1411 721 1473 769 ab
1506 721 1837 770 amaritudine

105 787 365 835 malorum
396 788 630 834 Oceanus
667 788 960 850 appellatur.
1056 785 1270 837 ‘Videbis
1302 785 1512 837 locum,
1540 785 1676 841 cujus
1706 797 1837 832 terra

105 860 255 909 operta
282 851 438 894 mortis
480 849 694 906 caligine.-
753 850 891 907 cujus
932 851 1083 899 aulaea
1114 848 1294 896 tenebrae
1313 883 1327 899 ,
1359 847 1605 913 suppellex
1641 848 1836 905 miseriae:

102 911 239 968 cujus
267 910 372 957 ludi
405 923 643 961 tormenta,
675 911 860 960 mufica
886 911 1040 972 fletus,
1071 915 1128 961 ἄψ
1143 912 1304 966 stridor
1322 913 1540 958 dentium:
1576 910 1714 967 cujus
1737 923 1840 958 tor-

101 985 281 1027 rentes,
298 975 379 1033 pix
401 974 575 1019 ardens:
619 973 806 1024 humus
828 976 1052 1041 sulphur:
1090 977 1226 1034 cujus
1253 975 1435 1024 incolae
1458 973 1601 1032 ericij,
1624 975 1762 1026 corvi,
1786 974 1841 1019 (9⁹

102 1037 359 1083 onocrotali:
395 1035 612 1100 hospites
643 1038 796 1085 umbra
823 1045 995 1091 mortis,
1026 1042 1082 1088 &⁹
1097 1051 1327 1101 perpetuus
1353 1041 1533 1086 horror:
1581 1036 1720 1092 cujus
1743 1034 1839 1083 cibi

94 1097 237 1158 fames
255 1101 431 1144 canina.-
450 1112 601 1162 potus
613 1099 680 1158 fel
692 1103 937 1152 dracommz,
951 1101 1184 1164 vimimqs
1201 1101 1365 1159 furoris
1384 1105 1455 1148 irae
1467 1102 1600 1148 DEI.
1645 1100 1839 1161 Deniq3

103 1162 241 1219 cujus
264 1161 416 1216 thori,
422 1164 593 1221 stagnus
614 1166 720 1222 ignis
734 1166 946 1210 ardentis.-
980 1165 1120 1220 cujus
1143 1166 1288 1220 janua
1309 1165 1565 1224 desperatio,
1590 1163 1726 1217 cuius
1758 1178 1838 1210 or-

102 1226 198 1279 do,
223 1227 356 1271 nullus
381 1227 506 1276 ordo,
531 1225 612 1274 sed
634 1226 787 1274 chaos
807 1226 1076 1275 horridum
1106 1225 1431 1275 confusionis,
1528 1224 1741 1273 Videbis
1762 1225 1838 1272 lo-

99 1304 237 1343 cum,
253 1288 338 1337 ubi
357 1290 637 1356 Principem
661 1292 774 1352 agit,
791 1292 877 1352 qui
899 1289 926 1338 a
949 1291 1246 1338 truculentia
1273 1289 1450 1337 dicitur
1469 1291 1644 1335 Draco.-
1681 1286 1707 1336 a
1730 1302 1838 1335 ver-

94 1353 220 1402 sutia
242 1353 427 1412 serpens:
465 1361 491 1400 a
514 1353 735 1400 nocendi
757 1352 1000 1400 defiderio
1021 1352 1256 1401 Diabolus,
1281 1351 1341 1399 ab
1363 1354 1431 1399 ira
1453 1366 1635 1413 magna
1654 1353 1741 1395 Leo
1766 1366 1836 1395 ra-

92 1419 239 1476 giens.-
278 1413 305 1464 a
334 1417 563 1480 potentia
599 1416 847 1462 Behemoth.
950 1414 1157 1463 Videbis
1181 1416 1360 1462 locum
1382 1446 1394 1467 ,
1430 1413 1516 1462 ubi
1545 1413 1658 1468 socii
1697 1413 1836 1460 mali-

96 1476 166 1528 tia
196 1479 449 1543 improbi,
478 1478 636 1543 specie
661 1477 913 1531 horrifici,
938 1477 1238 1525 conditione
1270 1477 1453 1529 miseri,
1475 1475 1608 1523 rabie
1637 1475 1836 1528 furiofi,

98 1539 459 1591 malevolentia&⁶
482 1539 740 1590 obstinati:
776 1543 952 1589 locum
968 1574 980 1594 ,
1003 1541 1087 1589 ubi
1109 1541 1278 1605 primo
1299 1536 1411 1603 post
1432 1535 1699 1602 ingressum
1724 1553 1838 1585 mo-

101 1618 282 1655 mento
311 1605 556 1653 clauditur
583 1621 728 1669 porta
760 1605 855 1668 spei
881 1637 894 1657 ,
923 1603 1298 1656 misericordiae,
1324 1604 1499 1665 quietis
1517 1634 1528 1654 ,
1566 1601 1837 1653 felicitatis,

99 1671 283 1735 gratiae,
308 1670 523 1730 pietatis,
552 1668 972 1723 solatij,&omnis
1001 1667 1153 1715 boni:
1205 1667 1398 1718 locum,
1425 1665 1511 1713 ubi
1539 1664 1609 1711 nil
1640 1663 1838 1711 auditur

96 1745 273 1799 praeter
292 1730 499 1795 suspiria,
520 1732 751 1795 gemitus,
766 1732 1024 1795 lacrymas,
1041 1731 1262 1785 ejulatus,
1279 1733 1328 1779 ὅς
1351 1729 1589 1778 ululatus:
1628 1726 1712 1774 ubi
1733 1741 1839 1773 me-

98 1813 162 1846 rae
182 1794 494 1858 blasphemiae
508 1828 521 1848 ,
542 1796 945 1859 imprecationes,
966 1791 1146 1842 stridor
1170 1793 1577 1845 flammarum,&
1597 1791 1720 1852 ignis
1742 1791 1834 1837 mi-

99 1855 202 1909 sere
225 1857 535 1906 devorantis:
560 1859 746 1912 verbo,
767 1857 956 1906 videbis
976 1858 1170 1910 locum,
1192 1857 1276 1905 ubi
1296 1855 1418 1904 nihil
1436 1870 1545 1902 non
1569 1852 1636 1902 est
1658 1867 1828 1916 poena,
1909 1910 1914 1917 Ι

98 1923 182 1972 seu
208 1934 542 1971 tormentum.
644 1922 880 1983 Denique
907 1921 1096 1970 videbis
1126 1922 1329 1984 locum,
1356 1914 1622 1982 angustum
1653 1916 1827 1969 simul,
1860 1905 2038 1964 TllROW·

101 1989 152 2035 <Sc
176 1984 428 2048 amplum:
467 1981 760 2048 angustum,
785 2000 908 2032 nam
938 1985 1092 2033 veluti
1121 1985 1303 2047 ignitos
1332 1983 1505 2029 lateres
1536 1982 1831 2044 comprimit
1860 1969 2082 2030 Phyficltr·

104 2049 395 2097 damnatos:
433 2049 684 2111 amplum,
721 2049 836 2110 quia
865 2046 949 2095 etfi
976 2048 1079 2095 hoc
1099 2062 1236 2095 auno
1265 2045 1400 2093 foret
1426 2044 1527 2092 dies
1561 2044 1724 2101 judicii
1741 2076 1753 2096 ,
1780 2045 1830 2093 &
1856 2034 2024 2096 P02·d‘²'

105 2123 234 2175 quot
254 2109 441 2162 diebus,
461 2110 489 2158 a
511 2111 695 2159 Mundi
715 2110 943 2163 exordio,
964 2109 1160 2158 fuissent
1177 2120 1292 2156 nata
1311 2109 1670 2171 quinquaginta
1696 2107 1834 2155 dam·
1864 2097 2028 2144 Mundo

103 2175 395 2225 nandorum
415 2172 690 2221 hominum
713 2174 865 2221 millia
879 2206 893 2226 ,
912 2172 1154 2221 sufficeret
1178 2174 1227 2219 in
1249 2187 1382 2219 orco
1403 2171 1642 2234 quadrata
1661 2171 1833 2218 millia-
1857 2159 1937 2221 fbl.
1952 2170 2058 2215 219·

100 2242 167 2288 ris
188 2238 338 2294 medii
358 2238 538 2286 cavitas
559 2236 620 2284 ad
645 2252 732 2284 eos
764 2235 1096 2299 recipiendos.
1162 2237 1262 2285 En!
1299 2247 1548 2298 quantum
1573 2234 1702 2300 spatii
1723 2234 1833 2300 sup-

100 2313 256 2368 petat,
272 2301 497 2348 damnari
520 2312 574 2348 ut
596 2298 770 2363 possis,
789 2298 824 2347 si
846 2299 980 2347 velis.

224 2364 424 2414 LEUC:
488 2364 688 2426 Superi!
726 2377 835 2425 quae
852 2362 1103 2427 paradoxa
1122 2361 1225 2411 haec
1248 2363 1540 2427 explicatio?
1561 2362 1709 2427 digna
1729 2375 1827 2408 cer-

105 2425 170 2482 te,
186 2444 341 2490 quam
360 2429 510 2476 etiam
534 2425 559 2475 a
574 2426 831 2491 Discipulo
853 2423 1061 2474 audierit
1081 2425 1331 2476 Professor
1396 2428 1551 2473 MEL:
1623 2428 1826 2474 Docen-

107 2493 164 2541 tis
183 2493 328 2542 filum
348 2507 415 2540 ne
436 2493 782 2555 interrumpas.
866 2490 965 2538 En!
1002 2502 1056 2539 ut
1075 2489 1232 2538 thefin
1251 2489 1386 2538 suam
1409 2489 1608 2539 ulterius
1626 2486 1824 2548 Sophus

110 2553 188 2606 hic
207 2568 401 2624 urgeat:
433 2556 489 2606 in
508 2553 647 2606 hunc
665 2554 843 2606 locum
858 2586 871 2610 7
890 2554 1075 2669 ἱῐὲῑῑῑίῒ,
1105 2552 1348 2605 descende
1376 2569 1605 2605 mecum,
1627 2554 1676 2598 ’ἃ
1699 2549 1826 2596 Po&-

992 2631 1018 2665 e
1050 2629 1077 2674 3
1600 2625 1765 2662 tarum
