2242 2911
654 135 926 197 Maufhlaeum
958 134 1317 200 Peripateticum:
1756 143 1790 196 7

91 238 146 287 in
167 231 398 287 desideria
419 230 599 282 cordiS.
698 233 761 282 Et
788 233 908 297 quid
947 237 1159 291 mirum,
1192 235 1227 284 fi
1248 255 1269 290 ,·
1291 228 1520 284 Ducibus
1551 231 1854 298 vertiginem

94 299 233 366 passis
247 333 260 354 ‚
279 302 329 348 δε
347 294 529 368 affeclaej
543 329 555 350 ,
577 294 763 345 eodem
789 312 845 345 ex
865 301 1136 363 praecipitio
1159 293 1422 352 corruere,
1447 294 1511 347 eo
1533 294 1853 362 profunditis,

94 361 204 427 quo
230 375 388 409 caecos
412 374 529 408 caeci
551 358 702 408 secuti
726 359 836 408 sunt
858 360 1032 410 altius?

220 422 416 473 LEUC:
468 420 797 486 Philosophiae
823 425 1060 474 Patricios
1080 420 1378 475 nominasti:
1414 422 1603 472 horum
1622 421 1655 470 si
1677 420 1729 471 in
1755 422 1855 485 epi-

96 501 240 537 tome
259 485 539 550 pleniorem
556 486 794 533 notitiam
816 486 1023 542 dederis,
1049 488 1137 536 tibi
1158 490 1360 550 antiqua
1380 485 1583 534 forsitan
1598 519 1610 539 ,
1629 499 1765 533 nova
1784 482 1857 531 af-

93 552 218 599 feres
237 549 419 612 tyroni.
489 549 643 595 MEL:
680 548 856 596 lubens
875 548 1129 599 assentior:
1169 549 1237 598 est
1258 552 1393 598 enim
1409 545 1717 611 Philosopho
1753 561 1861 594 iro-

92 612 295 661 brosum
313 643 325 663 ,
352 610 464 658 suos
484 612 728 674 Principes
749 610 783 658 fi
807 613 1031 676 ignoret,
1055 629 1185 676 quos
1212 613 1245 661 fi
1274 610 1439 660 minus
1463 612 1671 663 imitari,
1699 627 1724 658 a
1763 610 1859 657 mi-

90 678 183 723 rari
205 677 256 722 in
279 674 500 737 plurimis
518 675 718 738 poterit.
822 678 1091 724 Zenonem
1120 677 1379 740 Cytticum
1413 672 1772 737 Cypruffidedit
1801 674 1855 720 in

90 739 285 791 lucem,
309 749 361 784 ut
387 736 635 794 majorem
660 725 722 785 ab
745 737 832 785 illo
852 738 1020 788 lucem
1040 741 1286 804 acciperet
1305 738 1520 789 Graecia,
1547 735 1679 783 orbis
1701 735 1858 799 splen-

87 800 285 849 dorem⁴
356 801 413 848 In
435 799 717 847 infortunio
742 802 931 850 invenit
952 803 1243 850 fortunam:
1295 816 1416 873 nam
1444 798 1627 847 infelici
1658 798 1858 846 naufra-

89 865 175 912 0‘0
198 857 327 912 adeo
363 861 571 911 feliciter
595 864 647 911 in
668 863 879 927 Piraeum
913 864 1090 922 ejectus
1120 861 1212 919 est,
1236 876 1292 913 ut
1319 865 1332 911 i
1359 862 1416 911 ‘se
1437 861 1715 910 furentibus
1743 860 1854 909 Au-

86 881 218 981 ffris,
241 927 293 976 N
298 920 522 987 creoque
548 925 806 990 faedifrago
829 942 937 976 non
960 928 1110 976 semel
1128 927 1328 976 cuchari
1373 928 1492 974 icon
1520 936 1744 972 caneret:
1788 922 1857 972 ab

88 989 299 1039 oraculo
320 987 405 1036 ubi
423 990 639 1051 pretlum
662 991 848 1038 coloris
869 991 1036 1055 pallidi
1058 991 1250 1044 didicit,
1275 991 1419 1039 illum
1439 1003 1548 1038 non
1573 986 1600 1035 a
1618 987 1852 1039 Libitina,

86 1052 171 1101 sed
190 1051 339 1100 docta
360 1051 558 1100 Pallade
586 1048 750 1101 statuit
768 1065 999 1103 mutuare
1024 1071 1038 1106 3
1071 1053 1188 1103 hinc
1212 1053 1296 1102 ubi
1330 1056 1383 1102 in
1403 1049 1696 1102 evolvendis
1717 1064 1859 1096 mor-

90 1128 302 1164 tuorum
324 1115 534 1176 eloquijs
556 1147 569 1170 ,
607 1116 802 1178 aliquot
822 1117 922 1165 olei
945 1116 1214 1181 amphoras
1234 1113 1505 1166 combussit
1519 1147 1531 1168 ,
1559 1113 1857 1162 Doctorum

87 1194 238 1228 more
256 1178 516 1240 impalluit.
586 1178 793 1227 Cratcm
811 1180 891 1226 ille
912 1179 1141 1242 sequutus
1154 1179 1580 1245 Discipulus‚mox
1594 1173 1620 1225 ὲ
1633 1175 1855 1239 Discipu-

85 1241 142 1289 lo
167 1239 418 1306 Magister,
445 1239 472 1288 a
493 1240 704 1289 Cleante
721 1274 733 1294 ‚
755 1240 1000 1307 Cryfippo
1029 1275 1042 1295 ,
1079 1239 1285 1304 aliisque
1310 1242 1392 1290 sua
1413 1241 1537 1288 vidit
1557 1238 1750 1287 adorari
1773 1252 1856 1286 ve·-

86 1299 240 1367 stigia.
308 1306 441 1353 Hinc
467 1300 559 1356 est,
597 1301 740 1363 quod
759 1306 945 1366 primus
969 1305 1269 1355 Stoicorum
1290 1304 1440 1352 Secta:
1476 1303 1674 1349 initium
1690 1334 1703 1355 ,
1732 1302 1857 1349 Stoa

84 1364 216 1415 vero
248 1364 272 1423 <
288 1365 431 1428 quod
453 1366 707 1428 porticum
730 1363 952 1421 indicat>
982 1380 1179 1413 nomen
1201 1365 1406 1417 dederit,
1429 1363 1548 1412 cum
1569 1380 1678 1411 non
1701 1362 1787 1411 nisi
1803 1365 1857 1413 in

87 1431 289 1492 porticu
311 1462 323 1482 ,
361 1428 515 1476 veluti
537 1427 692 1490 digno
717 1428 894 1475 Stoicis
919 1423 1426 1492 Athaeneo,'Sophus
1457 1426 1538 1474 hic
1572 1425 1853 1489 disputaret.

86 1491 418 1555 Philosophiae
441 1491 619 1538 Stoicae
640 1489 879 1538 fabricam
902 1490 1005 1539 hoc
1025 1487 1247 1539 stabilisse
1274 1491 1451 1555 legitur
1479 1488 1816 1537 fundamento
1839 1522 1853 1542 ,

86 1553 232 1619 quod
256 1554 544 1602 felicitatem
568 1552 846 1601 humanam
867 1555 919 1601 in
941 1556 1042 1603 vita
1064 1550 1295 1602 statueret
1310 1585 1324 1608 ,
1352 1569 1461 1616 quae
1489 1553 1552 1600 ad
1575 1551 1854 1600 dictaminis

86 1616 346 1672 amuffim,
384 1620 433 1667 ὅ(
455 1618 659 1664 rationis
685 1617 843 1679 leges,
873 1629 1058 1665 naturae
1081 1615 1221 1682 supra
1246 1617 1478 1666 animalia
1502 1615 1701 1664 elevatae
1729 1631 1853 1663 con-

86 1682 321 1731 formiter
346 1682 635 1744 exigeretur.
715 1681 776 1728 Et
805 1676 918 1729 sane
947 1680 1172 1728 doctrina
1202 1679 1328 1731 haec,
1350 1679 1450 1728 five
1483 1679 1565 1728 sua
1595 1680 1852 1732 novitate,

87 1744 188 1795 five
210 1740 470 1793 honestate
491 1741 555 1790 fic
577 1742 837 1807 discipulos
857 1746 1041 1807 rapuit,
1078 1755 1133 1791 ut
1157 1744 1208 1792 in
1228 1739 1451 1808 Magistri
1479 1741 1631 1792 verba
1656 1757 1765 1789 non
1782 1741 1853 1798 ju-

86 1819 251 1856 rarent
272 1803 465 1859 modo,
501 1806 583 1854 scd
605 1809 653 1856 ὃς
684 1808 864 1855 virtute
888 1805 982 1854 hac
1011 1807 1206 1861 Stoica,
1241 1808 1370 1854 inter
1396 1806 1602 1856 furentis
1630 1804 1849 1853 fortunae

85 1871 298 1919 ludibria
321 1870 511 1924 felices,
535 1871 661 1917 inter
691 1881 1072 1918 tormentorum
1096 1869 1338 1932 equuleos
1366 1867 1748 1934 propemodum
1778 1870 1852 1916 in-

85 1933 354 1987 sensibiles,
389 1932 425 1982 fi
447 1948 556 1982 non
587 1931 739 1980 effent
758 1966 771 1987 ‚
806 1933 978 1982 saltem
1007 1931 1100 1981 effe
1132 1934 1178 1981 se
1200 1932 1449 1987 dicerent,
1469 1928 1848 1993 crederemque.

82 1997 148 2048 Et
167 1996 311 2059 quod
330 1998 546 2050 mireris,
576 2011 686 2045 non
707 1996 795 2045 nifi
823 1998 1031 2045 unicum
1054 2000 1200 2047 Zeno
1227 1996 1486 2046 admiserat
1511 1997 1628 2044 DEI
1652 2009 1850 2043 nomen

85 2062 138 2110 ὅ(
163 2062 377 2109 Numen
407 2091 422 2111 ⁷
455 2060 674 2122 plurium
708 2060 881 2114 titulis,
918 2061 1061 2109 unius
1098 2058 1306 2108 afferens
1342 2058 1582 2123 designari
1625 2061 1848 2109 virtutes.

84 2121 413 2172 Dialecticam
439 2137 641 2185 pugno,
664 2124 910 2186 explicatae
940 2125 1116 2171 manui
1142 2121 1474 2172 Rhetoricam
1503 2121 1849 2186 comparabat⁴⁷

85 2183 440 2237 Adolescenti,
477 2183 532 2232 ut
563 2183 714 2233 habet
736 2187 910 2234 vitium
931 2188 1080 2234 aetatis
1095 2219 1106 2240 ,
1128 2186 1268 2250 plura
1289 2185 1614 2234 deblateranti
1629 2218 1643 2239 ,
1672 2185 1749 2233 his
1765 2186 1849 2234 ilie

84 2247 354 2314 pessulum:
408 2260 564 2293 natura
578 2251 765 2306 geminas
786 2248 870 2295 tibi
897 2266 1046 2299 aures,
1067 2266 1111 2294 os
1133 2265 1260 2295 unum
1282 2248 1516 2300 attribuit,
1535 2250 1664 2309 plura
1692 2262 1742 2294 nt
1772 2267 1846 2294 au-

81 2313 198 2361 dica,
224 2310 349 2373 quain
374 2311 572 2371 loqam.
676 2312 775 2360 Pro
796 2325 931 2376 parte
954 2313 1177 2361 Sclentiae
1198 2311 1384 2377 posuit,
1403 2313 1738 2376 ignorantiam
1762 2327 1845 2358 eo-
1869 2336 1872 2338 -

83 2389 225 2427 rum,
250 2388 358 2435 quae
388 2373 491 2421 sciri
511 2388 619 2422 non
645 2373 854 2431 debent,
878 2390 971 2424 nec
1000 2376 1180 2424 utiliter
1197 2373 1412 2440 possunt.
1482 2377 1616 2425 Bene
1635 2375 1851 2436 loquen-

84 2449 157 2485 tes
172 2469 184 2490 ,
204 2434 286 2486 sed
307 2433 439 2484 male
465 2439 684 2487 viventes
707 2437 1059 2488 Alexandrinae
1083 2451 1462 2503 comparaverat
1483 2450 1720 2488 monetae,
1737 2452 1846 2499 quae

85 2499 295 2548 artificio
314 2499 466 2553 bella,
491 2502 699 2550 metallo
724 2501 895 2566 spuria.
971 2503 1216 2553 Modicum,
1237 2502 1495 2564 inquiebat
1510 2535 1521 2555 ‚
1539 2502 1639 2562 saepe
1660 2516 1738 2545 non
1757 2515 1847 2545 mo-

86 2564 224 2617 dicam
242 2563 317 2614 dac
342 2565 458 2626 operi
471 2561 790 2628 perfectionem.
857 2566 1086 2621 Vernam
1109 2599 1124 2628 2
1158 2565 1277 2625 futu
1307 2578 1478 2625 reum,
1504 2580 1621 2618 cum
1649 2558 1868 2674 casttiga«

1685 2640 1736 2676 te
1770 2658 1785 2682 2
