2175 2911
665 140 847 201 Oedipus
867 138 1077 200 Physicus.
1607 141 1711 200 203'

10 241 183 283 cavata
205 229 444 296 cymbam
470 228 687 296 praebere
709 230 834 281 solet
849 231 1047 295 triginta
1066 232 1383 296 praedonibus
1402 235 1452 284 in
1476 234 1764 284 Germania.

18 292 333 360 Obstupescit
350 294 584 340 Platanum
606 294 747 343 illam
774 297 826 344 in
838 295 991 358 Lycia
1015 326 1029 348 ,
1053 308 1163 357 quae
1192 296 1512 347 domicilium
1536 297 1766 361 octogin-
1839 279 1961 326 Idem

17 370 68 406 ta
88 358 304 422 pedum,
324 356 602 405 nemoroso
627 360 812 407 vertice
829 357 1000 410 refert,
1019 358 1070 405 in
1101 372 1206 420 quo
1228 360 1590 410 novemdecim
1606 359 1766 425 hospi-
1795 342 2019 391 l·12·⁶·¹·⁴

19 432 117 473 tes,
137 432 281 470 toros
300 418 551 482 praebente
568 419 769 475 fronde,
795 435 903 469 non
925 419 1074 468 semel
1094 421 1318 477 jucundo
1338 425 1491 488 epulo
1514 423 1559 470 se
1580 421 1769 472 recrea-

21 494 151 532 runt.
221 483 334 531 Nec
355 482 447 531 illae
459 483 591 544 spicae,
609 486 659 532 in
672 483 934 549 AEthiopiae
952 481 1125 536 Insula,
1148 485 1273 533 Nilo
1294 485 1603 540 circumflua,
1619 484 1646 534 a
1666 489 1770 536 Na-

20 547 93 594 nis
117 540 262 594 facile
291 545 607 600 vellicandae,
638 561 747 609 quae
775 549 1026 610 integrum
1057 547 1307 606 equitem,
1333 550 1531 598 camelo
1561 548 1772 598 infiden-

21 621 125 656 tem
156 618 357 671 tegunt,
382 608 547 658 fruCtu
568 608 699 659 adeo
722 609 904 662 ubere,
924 619 978 656 ut
1004 607 1189 657 semina
1210 621 1349 660 terrae
1383 612 1646 666 mandata,
1667 627 1775 662 non

21 667 190 721 modo
216 672 539 736 centuplum,
560 672 640 721 sed
666 672 1035 736 trecentuplum
1062 669 1285 720 afferant.
1368 677 1438 724 Ex
1460 676 1640 737 quibus
1662 690 1776 724 om-

24 734 170 783 nibus
192 733 328 782 haud
360 731 572 785 obscure
604 734 729 784 mihi
758 736 873 783 licet
898 735 1159 799 colligere,
1187 737 1437 785 Naturam
1471 741 1522 787 in
1553 739 1774 801 magnis,

25 797 182 858 quam
201 798 252 845 in
271 800 431 861 parvis
455 796 612 861 magis
641 798 940 851 mirabilem,
963 800 1012 848 ὅ(
1033 796 1322 847 Artificium
1341 801 1497 857 majus
1517 803 1568 849 in
1587 803 1778 850 anima-

24 860 171 914 libus,
193 861 349 921 quam
367 861 676 908 animalculis
696 860 907 909 elucere.
975 860 1117 929 Qid
1137 873 1191 910 tu
1211 861 1275 909 ad
1301 858 1416 909 ista?
1453 879 1515 910 an
1535 875 1628 912 tuo
1647 877 1778 925 quo-

25 937 123 985 que
138 920 371 984 suffragio
392 937 562 970 meam
587 934 816 970 mentem
838 921 1146 972 confirmas?
1211 925 1368 972 MEL:
1428 924 1649 974 Duobus
1671 940 1780 974 ver-

0 989 1 1014 ³
24 984 151 1034 bulis
175 984 441 1049 problema
460 984 648 1034 decidis
662 1018 674 1039 ,
692 985 753 1034 ab
774 987 996 1048 Hugone
1016 987 1078 1034 de
1094 987 1359 1036 S.Vi6‘tore
1378 987 1643 1049 quondam
1663 1002 1781 1052 pro-

0 1067 2 1108 }
26 1047 277 1114 politum,
298 1046 442 1109 quod
461 1046 733 1096 acutissima
755 1048 1051 1111 Sophorum
1072 1050 1270 1112 ingenia
1291 1064 1400 1098 non
1420 1050 1571 1098 semel
1590 1050 1690 1108 jam
1709 1049 1779 1098 fa-

30 1113 218 1176 tigavit.
286 1109 420 1158 Mihi
444 1105 555 1158 sane
573 1125 683 1158 non
700 1110 872 1173 liquet,
886 1112 1047 1173 inquit
1059 1113 1257 1164 Pierius,
1276 1113 1404 1160 inter
1424 1113 1647 1162 eruditos
1668 1111 1779 1162 Phi-

0 1183 9 1237 ἐς
29 1172 275 1238 Iosophos
309 1168 520 1221 minime
555 1169 836 1237 postremus
863 1206 876 1228 ,
909 1170 1146 1223 mirariue
1177 1174 1392 1223 debeam
1424 1174 1583 1240 magis
1606 1176 1779 1225 dentes

0 1237 11 1284 ³
27 1239 156 1302 apri,
193 1252 256 1284 an
275 1236 446 1283 tineae?
482 1236 579 1284 alas
603 1236 844 1300 Gryphis,
870 1252 932 1285 an
961 1236 1232 1302 Cyniphis?
1253 1250 1402 1303 caput
1415 1241 1569 1301 Equi,
1594 1256 1659 1288 an
1680 1242 1783 1294 Lo·

4 1299 13 1355 ζ.
35 1296 210 1349 custae?
256 1313 399 1347 crura
414 1298 725 1362 Elephantis,
746 1314 809 1346 an
832 1299 1048 1349 Culicis?
1084 1301 1328 1361 Aquilam
1346 1333 1358 1355 ,
1383 1318 1447 1350 an
1470 1303 1786 1352 Formicam?

6 1364 7 1368 ’
35 1358 169 1414 εεῐῐὲ
190 1365 241 1411 in
273 1374 416 1410 tuam
454 1362 748 1409 sententiam
767 1376 877 1409 non
896 1363 1132 1412 concedit
1151 1365 1376 1426 Stagirita
1392 1397 1405 1419 ‚
1429 1379 1537 1413 non
1557 1363 1793 1430 Augusti-

7 1427 15 1477 33
36 1442 154 1481 nus,
175 1426 282 1475 duo
299 1425 589 1475 Luminaria
618 1438 801 1488 magna
822 1426 874 1473 in
904 1426 1048 1474 Orbe
1072 1428 1428 1489 Peripatetico,
1452 1441 1677 1489 quorum
1703 1430 1798 1493 pri·
1986 1477 1994 1487 ,

9 1510 17 1541 2:
37 1506 150 1540 mus
170 1487 343 1538 diserte
366 1488 530 1542 edixit,
547 1489 782 1548 plurimum
804 1487 961 1535 habere
981 1490 1292 1539 admirationis,
1307 1505 1392 1551 quae
1410 1491 1530 1536 molv's
1542 1494 1791 1539 minimum:
1824 1476 1854 1524 ἶ·
1869 1473 2044 1549 9,·Ηῶ-

9 1552 19 1612 ’,ι
39 1555 162 1603 alter
187 1553 310 1603 vero
340 1553 560 1606 asseruit,
584 1550 629 1599 se
654 1550 760 1614 plus
796 1547 1066 1616 stupescere
1094 1551 1280 1601 Muscae
1311 1553 1528 1601 volantis
1557 1553 1795 1603 velocita-
1825 1540 2002 1586 ammal-

11 1621 19 1669 3²:
39 1631 164 1672 tem,
184 1614 339 1679 quam
358 1612 520 1664 bestiae
541 1615 805 1678 gradientis
822 1614 1250 1678 magnitudinems
1271 1613 1429 1680 magis
1448 1617 1794 1666 Formicarum
1825 1614 1910 1660 ⁶·7·
1927 1601 2041 1674 4²1²·

12 1679 21 1720 ³-
44 1695 197 1747 opera
212 1712 224 1734 ,
247 1677 404 1743 quam
424 1678 779 1728 Camelorum.
848 1680 1034 1741 Neque
1053 1678 1272 1744 partibus
1292 1681 1386 1728 tuis
1407 1680 1615 1735 accedit,
1636 1682 1795 1730 Natu·
1825 1666 1875 1710 de
1892 1666 2024 1712 szct.

13 1751 22 1791 'z
42 1759 106 1795 rae
128 1746 387 1794 Scrutator
408 1742 608 1796 Plinius,
630 1746 767 1799 cujus
787 1741 885 1797 iam
901 1743 1025 1791 olim
1039 1741 1409 1800 eratjudicium,
1426 1743 1670 1806 nusquam
1692 1759 1797 1792 ma-
1826 1744 1864 1776 ί·
1881 1738 1956 1786 24·
1986 1792 1993 1800 ,

15 1825 19 1836 ·
46 1806 120 1873 gis
153 1807 374 1854 eminere
393 1807 599 1854 Naturae
625 1805 843 1854 Daedalae
875 1804 1194 1859 Artificium,
1215 1805 1370 1868 quam
1401 1807 1454 1854 in
1487 1807 1797 1856 animalculis
1827 1787 2043 1844 1⁴¹·H‘st·

47 1869 235 1925 obviis,
259 1872 309 1919 ὅ(
329 1867 524 1933 pusillis.
594 1870 652 1918 In
678 1872 870 1933 magnis
892 1868 1136 1932 siquidem
1160 1869 1482 1933 corporibus,
1506 1871 1668 1933 inquit
1689 1870 1798 1925 ille,
1829 1858 1892 1904 N
1887 1866 2044 1902 “m-²·

2 1933 21 1977 ,ἶ
49 1933 203 1983 facilis
216 1930 419 1981 officina
437 1931 482 1981 se
501 1929 676 1986 offert,
691 1933 1022 1981 traetabiliore
1043 1935 1271 1982 materia:
1294 1945 1342 1981 at
1358 1934 1410 1982 in
1431 1936 1588 1997 parvis
1608 1949 1716 1997 quae
1730 1950 1802 1983 ra-

5 1997 21 2048 ›33
52 1998 155 2049 tio,
183 1997 477 2058 quantavis,
500 2010 609 2059 quae
622 1996 863 2061 perfeffio
889 1997 1085 2061 prorsus
1105 1996 1479 2044 inextricabilis?
1513 2013 1633 2045 nam
1661 2009 1716 2046 ut
1739 1997 1804 2046 de

6 2062 24 2120 {t}
52 2057 289 2111 viliffimis
315 2057 478 2106 dicam
497 2091 511 2113 ,
532 2058 619 2107 ubi
635 2072 716 2109 tot
727 2060 885 2108 sensus
904 2061 956 2107 in
975 2060 1330 2108 culicelocavit
1351 2061 1576 2109 Natura?
1612 2060 1697 2109 ubi
1715 2077 1803 2126 gu-

11 2120 25 2189 il
57 2120 215 2176 stum,
241 2122 321 2171 vel
349 2120 625 2170 odoratum
648 2124 873 2172 inseruit?
908 2122 993 2171 ubi
1020 2123 1356 2171 ‘truculentam
1389 2138 1576 2173 vocem
1601 2125 1803 2188 ingene-

6 2191 27 2236 Α,
56 2188 209 2236 ravit?
245 2199 343 2247 qua
356 2184 616 2233 subtilitate
630 2200 816 2250 pennas
839 2186 1099 2235 annexuit?
1134 2182 1371 2240 rostrum,
1394 2201 1500 2248 quo
1520 2189 1726 2249 ingenio
1756 2204 1803 2237 a-

0 2249 27 2310 ri
56 2253 183 2303 cuit,
210 2261 264 2298 ut
286 2247 439 2297 veluti
461 2245 619 2297 fistula
652 2249 897 2302 sorbillet,
923 2249 1076 2298 veluti
1102 2249 1344 2313 spiculum
1368 2249 1590 2298 fodicet?
1626 2253 1806 2299 miren-

0 2319 31 2423 ιι
58 2326 140 2362 tur
168 2313 242 2369 alii
269 2310 668 2375 Elephantorum
682 2311 948 2366 humeros,
970 2314 1259 2361 Taurorum
1275 2312 1430 2365 colla,
1453 2314 1715 2378 Tigridum
1737 2329 1808 2362 ra-
1852 2368 1859 2370 ξ

26 2381 31 2422 2»
61 2379 216 2442 pinas‚
237 2377 474 2425 Leonum
496 2375 658 2430 jubas:
696 2390 793 2439 ego
814 2377 1064 2426 Naturam
1084 2376 1258 2429 miror,
1277 2376 1521 2438 nusquam
1543 2376 1808 2433 majorem,

12 2453 30 2478 τὲ
63 2439 219 2502 quam
234 2441 285 2487 in
306 2439 668 2501 minimis,quia
687 2440 737 2487 in
756 2437 1070 2502 compendio
1090 2450 1279 2488 totam:
1299 2440 1364 2488 ita
1378 2440 1577 2489 Plinius,
1646 2437 1809 2503 Qod

29 2501 32 2544 ἲ
66 2503 102 2553 fi
124 2501 461 2564 microscopio
482 2504 737 2565 explorare
755 2501 941 2566 lingula
959 2501 1205 2550 oculatius
1225 2501 1472 2568 potuisset,
1488 2501 1641 2564 quam
1661 2504 1710 2549 in
1733 2518 1812 2550 ex-

32 2611 35 2626 ,
74 2566 195 2618 tasin
213 2581 322 2618 non
343 2561 531 2617 abiiffet
548 2565 629 2617 hic
648 2564 875 2631 Sophus?
890 2563 941 2678 g
962 2579 1082 2678 <celum
1105 2564 1327 2619 Cornaeo
1341 2600 1354 2623 ‚
1375 2567 1423 2616 in
1440 2566 1602 2632 pulice
1625 2564 1814 2680 {differ

6 2640 12 2647 ·
153 2660 159 2662 ⁷
1030 2641 1060 2675 2
1718 2645 1752 2678 1-

1809 1081 2035 1129 Commenrs

1807 1147 1852 1191 in
1864 1147 1983 1218 pan.
1999 1145 2031 1192 l.

1817 1221 1859 1268 3.
1873 1225 1916 1254 m
1927 1224 1962 1254 c.
1986 1220 2031 1264 3.
