2175 2911
721 119 958 170 Academia
975 119 1226 172 Brutorum.
1685 139 1704 174 1
1715 140 1738 187 3
1749 137 1772 185 ς

97 221 158 256 ac
183 207 235 256 in
263 208 408 257 scalas
428 207 703 259 Gemonias
727 204 982 271 projecto,
1011 210 1144 257 canis
1177 209 1304 260 fidus
1336 213 1507 265 assecla
1539 212 1709 272 astitit,
1728 229 1835 267 tam

96 269 382 320 horrendos
407 273 455 320 in
488 271 698 320 ululatus
731 284 1026 333 erumpens,
1051 284 1107 321 ut
1130 275 1345 337 populus
1377 283 1638 328 turmatim
1669 279 1837 330 afflue-

95 332 494 398 ret,obje&6que
511 349 638 398 pane
655 332 1070 382 inconsolabilem
1087 334 1348 388 solaretur:
1384 341 1467 390 sed
1484 343 1565 390 ille
1584 356 1839 408 arreptum

95 394 361 447 frustulum
392 397 640 446 cadaveris
673 398 751 445 ori
789 396 1134 460 nequidquam
1165 399 1442 452 admovere
1463 437 1476 458 ‚
1517 407 1570 453 in
1590 406 1834 469 Tyberim

94 461 373 526 projectum
393 462 550 522 sequi,
573 460 831 514 adnatare,
852 462 898 508 se
914 460 960 507 se
977 462 1271 526 supponere,
1295 481 1352 514 ac
1374 463 1637 517 sustentare
1658 466 1834 519 frustra

95 538 333 578 conatus,
361 525 566 573 tandem
595 539 714 571 cum
734 524 970 573 Domino
997 527 1187 588 mergi,
1209 525 1559 594 demergique,
1587 531 1834 582 fidelitatis

22 608 24 649 3
92 588 322 636 inaudita:
341 586 513 636 reliCto
536 587 684 635 etiam
710 586 1002 636 hominibus
1021 585 1329 638 testimonio.
1398 595 1520 648 Fuit,
1541 594 1596 644 ut
1621 595 1833 645 Author

22 676 24 692 1
92 646 161 698 est
182 652 245 701 D.
262 648 578 704 Ambrosius,
602 652 687 711 qui
709 651 943 704 Domini,
966 651 1028 700 de
1051 651 1201 699 nocte
1218 654 1486 711 interfecti,
1510 659 1828 710 Parricidam,

22 738 24 751 ι
92 712 215 762 dum
239 713 390 762 turbae
413 715 636 763 imixtus,
662 713 872 761 cadaver
893 726 1010 764 orto
1031 714 1131 763 sole
1162 717 1436 770 accederet,
1457 722 1732 770 incredibili
1758 738 1831 770 ra-

2 1979 17 2110 :fr-*w
0 1612 9 1965 v-—m-—r-v-aevw*
0 1550 6 1581 r:
0 1512 2 1517 -

88 775 168 823 bie
190 779 482 840 corriperet,
504 773 860 839 prosterneret,
882 777 1048 826 donec
1072 778 1201 827 ultro
1216 779 1509 829 Authorcm
1532 786 1674 832 caedis
1702 786 1746 832 se
1766 786 1833 832 fa-

85 851 283 888 teretur.
365 839 493 886 Illud
521 836 761 889 mirabile,
781 839 922 901 quod
945 838 1098 890 nostri
1122 844 1362 907 temporis
1381 845 1576 893 celebre
1596 849 1829 900 Nomen,

85 902 286 950 Ascetas
307 902 462 952 inter,
492 914 896 949 commemorat:
934 905 1130 953 Herum
1168 908 1219 953 in
1243 907 1425 956 Bacchi
1471 911 1618 972 orgijs
1640 942 1652 962 ,
1684 925 1832 959 more

86 959 214 1011 male
244 977 476 1027 recepto,
496 964 741 1012 larvarum
771 961 903 1013 forte
931 967 1112 1017 laeserat
1136 970 1336 1017 catellus
1353 973 1671 1036 imprudens,
1694 972 1832 1022 hunc

83 1026 166 1074 ubi
190 1024 405 1075 detracta
429 1042 550 1074 mox
572 1023 707 1075 larva
727 1041 1019 1090 agnoverat,
1039 1033 1378 1097 inexplicabile
1406 1036 1560 1084 diCtu!
1636 1034 1753 1084 uam
1777 1036 1830 1084 il-

83 1090 126 1137 le
150 1090 329 1145 ejulare
345 1124 358 1142 ,
377 1089 666 1153 adrependo
691 1095 888 1139 veniam
925 1106 1115 1155 petere,
1142 1096 1375 1144 baculum
1408 1114 1497 1145 ore
1529 1115 1612 1162 pre
1630 1099 1828 1148 tensum

80 1151 333 1206 offerre,&
358 1165 587 1217 parcente
609 1153 934 1203 nihilominus
945 1157 1201 1211 Domino,
1216 1157 1350 1207 tanta
1363 1159 1407 1207 se
1420 1162 1463 1208 se
1481 1162 1640 1225 ipsum
1663 1160 1830 1211 inedia

79 1213 311 1280 castigare
328 1250 339 1268 ,
364 1217 486 1263 dum
508 1216 710 1263 tandem
732 1231 961 1266 moerore,
995 1221 1254 1269 confectus
1285 1224 1603 1273 contabuerit
1630 1225 1826 1288 potius,

22 1297 25 1326 ε
79 1278 231 1342 quam
255 1276 514 1342 exspirant.
584 1280 716 1327 Hinc
736 1275 832 1331 cst,
853 1295 941 1328 cur
964 1282 1201 1341 Maffizm'ssa
1217 1285 1530 1344 fizlutemfizam
1556 1289 1736 1342 custoditi
1758 1306 1826 1335 ca·
1861 1301 2006 1350 ναῖεν,

22 1350 25 1398 g
76 1359 175 1389 num
196 1341 400 1389 vallaris:
439 1357 527 1389 cur
548 1342 760 1401 Caspiadas
776 1341 906 1387 turba
932 1360 1081 1389 canum
1101 1362 1180 1391 non
1194 1349 1362 1405 segnibls
1384 1366 1501 1396 acres
1520 1351 1686 1408 exsiliat
1702 1355 1755 1399 ad
1772 1354 1826 1400 li-
1858 1380 1975 1412 max,
1989 1365 2071 1423 ιθ,

22 1400 25 1451 ξ
75 1420 194 1457 tuos,
213 1403 453 1468 pugncz'sque
474 1403 650 1464 capeffizt
671 1403 841 1449 heriles.
948 1407 1046 1455 Sed
1076 1408 1293 1471 gloriosa
1317 1411 1590 1460 latrantum
1622 1413 1823 1478 vestigia
1858 1446 1895 1477 ς,
1916 1441 1990 1485 13,

0 1475 25 1510 r?
73 1485 167 1535 pro
180 1469 382 1517 Viribus
403 1467 699 1516 aemulantur
717 1468 992 1517 animantes
1013 1472 1162 1518 etiam
1183 1483 1393 1521 caeterae:
1432 1477 1539 1537 quis
1565 1478 1714 1525 nescit
1729 1479 1824 1526 Bu-

23 1530 26 1579 Ξ
74 1532 368 1597 cephalum,
395 1542 503 1580 utut
525 1530 809 1579 vulneribus
832 1546 988 1596 prope
1018 1548 1321 1598 exanguem,
1351 1536 1635 1603 viribusque
1664 1541 1826 1589 exani·

1591 1600 1604 1616 Χ

23 1615 25 1626 ·
71 1611 213 1644 mem
238 1594 369 1659 prius
394 1595 516 1643 Fatis
545 1609 652 1642 non
674 1593 999 1649 succubuifl'e,
1028 1596 1184 1660 quam
1211 1599 1562 1651 Alexandrum
1586 1620 1614 1653 e
1645 1603 1823 1660 mediis

23 1675 25 1701 1
69 1657 294 1709 hostibus
324 1670 457 1706 extra
483 1657 567 1705 teli
593 1657 778 1712 jactum
803 1691 816 1712 ,
857 1672 1045 1708 conatu
1077 1661 1286 1715 ultimo,
1317 1665 1573 1728 posuiffet?
1617 1669 1823 1717 meritus

69 1725 217 1787 proin
233 1754 245 1775 ,
272 1733 325 1770 ut
349 1721 513 1770 eidem
543 1723 812 1785 erigeretur
836 1722 1119 1795 Bucephala
1141 1725 1354 1781 Civitas,
1374 1729 1652 1793 gloriosum
1674 1729 1821 1780 simul

24 1796 27 1807 ’
68 1785 426 1838 Mausolaeum‚
449 1786 499 1834 ὃς
528 1782 837 1862 gratitudinis
858 1801 1000 1850 regiae
1019 1803 1436 1859 monumentum.
1537 1794 1820 1844 Androdus
1855 1804 2018 1852 Gellius

24 1862 27 1868 ’
67 1849 262 1901 Leoni,
292 1845 502 1897 extracta
531 1867 559 1899 e
589 1848 715 1912 pede
745 1846 903 1913 spina,
931 1850 1136 1899 dederat
1168 1855 1453 1909 imitatem,
1474 1856 1753 1912 Androdo,
1768 1861 1818 1908 in
1850 1868 2041 1918 nostae.

24 1932 27 1940 ·
69 1916 207 1962 circo
229 1912 475 1961 Romano
504 1912 735 1961 leonibus
756 1912 977 1968 objedo,
999 1913 1204 1964 viciffim
1236 1916 1317 1965 hic
1347 1918 1564 1970 reddidit
1589 1922 1813 1971 salutem.
1855 1932 1974 1980 piat,
1992 1944 2035 1990 ς,

67 1977 298 2029 Macario
312 1976 511 2038 Hyaenae
535 1975 843 2025 benefadtori
858 1974 1208 2051 ophthalmico
1231 1996 1325 2044 pro
1341 1984 1574 2033 mercede
1592 2000 1716 2035 mox
1730 1985 1822 2035 ob·
1855 2012 1894 2045 ι,
1914 2008 1988 2057 14,

65 2040 178 2096 tulit
207 2040 415 2088 ovinam
433 2038 631 2103 pellem.
730 2039 976 2102 Aquilam
1004 2056 1270 2096 novimus,
1291 2058 1399 2106 quae
1433 2048 1483 2095 in
1505 2047 1677 2099 duello
1695 2065 1818 2100 cum

6 2114 27 2138 ’ν
65 2109 315 2171 serpente,
337 2100 364 2150 a
387 2099 599 2151 messore
626 2100 856 2155 liberata,
883 2118 1004 2150 mox
1031 2103 1443 2178 liberavit-ipsum
1463 2110 1817 2168 liberatorem,

25 2156 27 2214 Ῐ
65 2164 400 2238 hydriamque
421 2179 672 2215 venenato
691 2177 818 2230 potu
835 2166 1036 2229 plenam
1050 2200 1062 2220 ,
1084 2165 1245 2217 amica
1264 2170 1522 2222 inimicitia
1540 2187 1613 2223 ter
1640 2177 1702 2226 ab
1724 2192 1816 2228 ore

25 2242 28 2284 ἶ
67 2230 289 2286 excussit:
326 2227 406 2277 sed
425 2243 489 2276 ne
507 2230 710 2279 virtutes
728 2229 1005 2276 Brutorum
1030 2232 1390 2306 comemorans
1407 2235 1504 2300 ipse
1532 2239 1710 2290 vitium
1731 2257 1815 2306 pe-

26 2329 35 2348 0
65 2297 323 2372 riffologiae
351 2294 601 2341 incurram
619 2326 631 2347 ,
655 2291 905 2356 abrumpo
928 2309 942 2344 5
988 2294 1096 2342 satis
1121 2295 1185 2344 ad
1211 2309 1461 2347 intentum
1494 2301 1618 2357 dixi,
1642 2303 1676 2353 fi
1701 2321 1810 2355 non

6 2377 27 2411 ,³
65 2359 279 2412 abunde.
356 2358 512 2402 MEL:
601 2357 728 2405 Non
754 2355 1099 2419 imprudenter
1126 2374 1472 2426 praeoccupas:
1509 2367 1578 2416 sat
1604 2372 1807 2433 cognita

6 2443 35 2485 ³3*
56 2424 210 2476 'fufius
230 2419 525 2473 recensenti,
548 2434 723 2468 aurem
746 2418 966 2532 ptraebere
988 2419 1291 2473 benevolam
1311 2427 1603 2493 Eutrapeliae
1618 2467 1630 2486 ,
1660 2433 1739 2481 vel
1768 2430 1803 2480 fi

6 2491 29 2540 J=›
59 2491 242 2543 mavis,
266 2484 508 2554 patientiae
536 2484 688 2533 virtus
715 2497 743 2531 e

900 2486 1034 2534 Tam
1058 2486 1216 2537 multa
1244 2487 1465 2545 dicenti,
1502 2500 1808 2564 praecipuum

6 2565 20 2626 ς·
61 2553 251 2606 excidit.
316 2543 539 2601 Omisisti
557 2561 757 2601 novum
780 2562 877 2612 pro
898 2550 1192 2605 animalibus
1213 2555 1452 2613 coelum,
1492 2561 1696 2617 omifisti
1717 2561 1815 2609 Or-

1602 2640 1742 2681 cum)
1780 2684 1787 2686 ,
