2175 2911
699 108 842 159 Atlas
870 107 1215 172 Philofhphicuss.
1726 134 1746 168 1
1759 132 1781 168 1

89 211 147 249 to
161 233 174 255 ‚
202 197 310 266 quo
319 201 367 256 d,
382 202 508 251 intra
527 200 701 265 viginti
721 200 845 250 osto
868 201 949 249 vel
970 216 1164 252 novem
1177 203 1297 257 dies,
1317 209 1576 272 antiquam
1588 209 1641 259 in
1658 210 1741 260 sua
1767 220 1849 261 or-

87 263 194 314 bita
215 277 405 331 repetat
424 262 709 313 stationem.
745 262 969 314 Phoebus
990 266 1103 315 Rex
1123 267 1249 314 inter
1274 268 1499 321 Planetas
1525 306 1537 327 ‚
1563 276 1679 322 anni
1705 277 1849 325 unius

87 327 244 392 spatio
269 363 284 384 ,
322 326 535 377 stadium
564 327 709 376 suurn
744 327 962 376 decurrit
991 345 1003 374 ε
1053 329 1106 376 in
1138 330 1379 393 eclyptica
1402 349 1539 384 nune
1580 353 1810 402 apogaeus
1830 372 1844 393 ‚

84 406 222 440 nunc
244 394 478 457 perigaeus
500 390 608 439 duo
629 390 819 440 format
843 387 1069 444 solstitia,
1093 393 1340 441 &centies
1367 398 1655 463 quadragies
1676 403 1843 451 Tellu-

33 496 35 498 ,
83 469 137 501 re
159 459 323 513 major
340 453 434 504 effe
458 453 746 519 perhibetur
766 472 777 502 ε
825 454 960 503 unde
982 452 1016 503 fi
1034 455 1229 504 volucres
1251 462 1425 516 Pyrobs,
1458 463 1585 513 Eom,
1611 466 1842 512 &AEchon

81 516 320 569 Phoebeae
341 517 673 583 peripheriam
698 517 872 568 orbitae
909 517 1350 567 circumcursarent
1370 553 1382 574 ‚
1411 537 1572 573 unum
1595 525 1734 592 supra
1761 529 1841 577 tri-

83 581 221 642 ginta
239 583 394 632 millia
414 614 429 636 ,
480 585 533 632 δε
551 581 916 646 quadringenta
934 580 1239 646 septuaginta
1269 582 1375 631 duo
1402 586 1623 637 milliaria
1649 605 1842 654 germa-

81 644 195 692 nica
217 647 556 695 emetirentur.
672 646 810 694 Mars
834 643 924 694 suo
952 645 1142 693 circulo
1161 657 1345 694 terram
1372 647 1525 712 ipsam
1554 654 1844 718 complesti-

81 717 162 755 tur
175 740 189 762 ,
209 708 393 765 biennii
413 706 570 772 spatio
589 707 818 761 volvens,
840 710 891 757 ὅ(
909 708 1150 758 evolvens
1164 708 1450 772 ellypticam
1463 712 1707 766 orbitam:
1727 718 1842 766 Tel-

79 769 188 818 Iure
216 775 473 821 minorem
501 781 679 834 putant
699 800 716 823 ‚
750 781 863 818 utut
895 770 1034 819 iilam
1063 771 1349 827 altitudine,
1381 773 1490 838 plus
1511 776 1666 837 quam
1697 783 1840 843 trige-

80 831 168 880 fies
189 835 410 883 centenis
432 863 446 886 ‚
498 831 871 896 quadringentis
892 832 1138 897 sexaginta
1159 850 1353 884 novem
1375 837 1662 888 milliarium
1695 844 1841 892 milli-

77 894 196 950 buS,
223 892 556 944 transcendat..
652 896 846 960 Jupiter
867 895 1022 961 ipsam
1039 897 1168 947 Solis
1179 899 1490 963 Eelypticam
1508 903 1841 967 comprehen-

76 958 174 1011 dit,
205 957 522 1008 duodennali
550 958 940 1024 propemodum
963 961 1105 1010 cursu
1126 961 1269 1012 suum
1291 965 1338 1012 se
1358 964 1404 1013 se
1421 980 1599 1030 gyrans
1621 968 1675 1015 in
1686 969 1842 1017 circu-

72 1019 209 1069 lum:
247 1019 636 1085 quatuordecim
649 1021 835 1086 globos
852 1034 1144 1087 terraqueos
1157 1023 1239 1075 sua
1258 1027 1588 1092 amplitudine
1600 1043 1840 1095 exaequat,

73 1083 336 1133 altitudine
358 1080 483 1132 vero
502 1082 696 1148 superat
722 1086 776 1133 in
786 1096 983 1135 tantum
998 1119 1012 1140 ‚
1039 1099 1094 1134 ut
1110 1089 1402 1152 nonagefies
1426 1096 1646 1142 centenis
1661 1126 1673 1146 ,
1705 1109 1838 1144 non-

72 1149 232 1210 gentis
251 1148 513 1222 ostoginta
536 1147 660 1195 osto
683 1146 972 1196 milliarium
999 1149 1234 1204 millibus,
1253 1153 1612 1203 intermedium
1626 1157 1838 1219 spatium

74 1225 236 1260 nemo
255 1211 400 1260 facile
422 1222 787 1275 pervagaretur.
856 1210 954 1259 Sed
967 1211 1132 1261 adhuc
1151 1211 1310 1279 magis
1319 1216 1557 1265 Saturnus
1579 1217 1771 1268 habitat
1785 1222 1840 1270 in

72 1273 207 1322 altis:
243 1289 367 1322 nam
385 1273 527 1338 supra
546 1273 727 1323 decem
754 1273 1007 1323 milliones
1031 1307 1045 1328 ‚
1083 1279 1316 1325 trecentis
1343 1280 1517 1343 viginti
1545 1281 1836 1331 milliarium

73 1336 295 1387 millibus
316 1350 502 1386 terram
521 1335 855 1391 transcendit,
895 1337 1037 1393 cujus
1053 1353 1137 1386 am
1175 1338 1442 1389 Iitudinem
1468 1343 1670 1406 vigesies
1693 1344 1764 1394 bis
1785 1348 1837 1395 in

70 1399 120 1449 se
139 1399 509 1466 compleititur:
530 1399 649 1449 hinc
662 1400 778 1462 quia
787 1399 1007 1473 Senecio
1017 1432 1030 1454 ‚
1050 1399 1100 1449 di
1159 1402 1316 1451 culter
1337 1416 1516 1453 movet
1534 1417 1637 1454 tam
1649 1404 1841 1457 vastam

72 1465 300 1520 molem,
339 1459 537 1512 festinat
563 1460 850 1512 admodum
883 1463 1018 1511 lente
1037 1496 1050 1516 ,
1099 1465 1150 1514 ὅ(
1169 1466 1366 1527 triginta
1389 1464 1552 1516 femie
1581 1485 1839 1518 annorum

72 1528 104 1576 s
128 1531 231 1577 atio
251 1560 264 1582 ‚
303 1529 441 1576 suam
464 1539 624 1592 reptat
649 1541 737 1591 per
764 1525 984 1574 orbitam
1008 1559 1021 1580 ,
1067 1528 1414 1591 nequidquam
1458 1529 1839 1595 proficientibus

72 1593 90 1640 1
115 1591 307 1644 imulis‚
379 1589 523 1639 uibus
545 1590 759 1638 comites
785 1603 963 1654 urgent
989 1589 1260 1639 morosum
1289 1593 1474 1641 senem.
1577 1595 1717 1663 Qid
1736 1595 1839 1653 jam

71 1654 239 1704 dicam
263 1652 326 1702 de
389 1653 492 1701 ellis
506 1686 519 1708 ‚
541 1667 663 1716 quas
683 1650 862 1702 fixasin
873 1651 1219 1709 firmamento,
1241 1656 1291 1705 ὅ(
1309 1656 1628 1706 velutia‘e'reo
1646 1654 1838 1709 a'nnulo

69 1716 288 1768 totidem
311 1715 485 1766 infixas
504 1730 734 1782 gemmas
757 1718 1082 1769 miramun&
1109 1719 1520 1784 contemplamur
1542 1722 1558 1768 ἓ
1601 1721 1840 1787 plurimas

70 1779 166 1830 effe
184 1794 344 1830 nemo
374 1795 484 1829 non
506 1779 669 1831 videt,
700 1779 790 1828 nifi
807 1778 1026 1829 craffiori
1049 1781 1370 1845 glaucomate
1391 1784 1589 1832 laboret
1616 1817 1630 1839 ‚
1680 1783 1838 1848 quam

70 1843 201 1909 talpa
224 1861 234 1890 z
270 1843 353 1892 sed
371 1857 646 1893 numerum
667 1841 999 1892 determinare
1023 1846 1130 1907 quis
1148 1847 1369 1910 poterit?
1394 1846 1549 1907 fizffiice
1570 1848 1721 1895 Coelum
1741 1883 1756 1900 ,
1780 1851 1836 1897 (φ
1867 1842 1977 1891 Gen.
1999 1855 2074 1903 15.

71 1906 420 1961 numerastellm,
430 1906 467 1965 fi
484 1919 621 1968 potes.
731 1904 1016 1957 Tentarunt
1049 1920 1223 1957 tamen
1250 1911 1540 1958 innumeras
1568 1923 1836 1961 numerare
1862 1923 1910 1954 v·
1932 1918 1973 1965 5·

72 1970 333 2020 nonnulli,
357 1969 439 2018 sed
458 1969 627 2020 nescio
641 2003 659 2025 ,
685 1984 750 2019 an
773 1983 964 2020 conatu
982 1973 1139 2036 magis
1158 1972 1398 2036 prospero
1412 2005 1425 2026 ‚
1446 1972 1604 2035 quam
1623 1974 1799 2024 audaci
1821 1994 1832 2024 :

70 2049 194 2083 nam
216 2033 516 2082 Ptolemaeus
539 2033 1094 2098 10225Grienbergerus
1117 2046 1235 2092 1225
1253 2051 1271 2087 ς
1304 2036 1549 2100 Keplerus
1576 2049 1626 2095 13
1635 2051 1721 2096 925
1740 2039 1835 2088 Pli-

70 2099 181 2146 nius
205 2097 353 2148 16003
389 2095 736 2160 Bayerus1725
764 2114 778 2150 5
814 2097 1045 2146 Galilaeus
1067 2096 1130 2145 de
1155 2098 1366 2147 Galilaeis
1385 2099 1510 2149 ultra
1530 2099 1711 2150 decem
1722 2103 1834 2151 mil-

71 2161 136 2209 lia
149 2193 163 2215 ‚
189 2162 240 2210 ὅ(
262 2159 480 2221 denique
501 2160 759 2209 Riceiolus
783 2157 954 2208 noster
972 2161 1098 2208 ultra
1118 2162 1266 2210 vicies
1285 2174 1496 2211 centena
1516 2165 1672 2214 millia
1692 2161 1831 2215 testa-

71 2236 153 2275 tur
167 2256 180 2277 ,
204 2235 403 2271 armato
426 2222 584 2271 oculo
599 2255 613 2277 ‚
631 2222 678 2271 se
697 2221 942 2270 detexisse.
988 2225 1087 2271 En!
1124 2223 1278 2286 quam
1297 2225 1472 2275 diversi
1491 2224 1674 2277 eadem
1696 2229 1759 2277 de
1776 2244 1831 2277 re

72 2286 371 2351 Sophorum
393 2285 566 2334 senius.
665 2285 765 2334 Sed
786 2287 858 2333 uti
878 2289 927 2334 in
950 2301 1170 2336 numero
1192 2321 1205 2343 ,
1241 2290 1308 2336 ita
1329 2303 1540 2352 quoque
1561 2293 1614 2340 in
1639 2294 1828 2355 magni-

74 2352 248 2401 tudine
267 2351 395 2399 inter
422 2349 534 2397 illos
553 2347 878 2397 disconvenit.
916 2349 1067 2404 Sunt,
1088 2352 1177 2413 qui
1193 2352 1368 2414 aequali
1397 2352 1647 2403 diametro
1669 2352 1823 2401 stellas

75 2428 255 2463 omnes
287 2411 586 2469 dijudicant,
623 2415 673 2462 ὃς
700 2411 886 2462 diversa
916 2412 1255 2478 phaenomena
1283 2417 1336 2464 in
1369 2415 1611 2466 diversam
1649 2413 1823 2464 distan-

76 2479 196 2527 tiam
213 2475 488 2526 refundunt
512 2493 523 2522 ε
559 2474 641 2524 sed
661 2474 866 2530 melum,
901 2477 989 2539 qui
1006 2475 1085 2525 sex
1106 2477 1339 2534 diversas,
1366 2481 1419 2528 in
1431 2479 1663 2529 sideribus
1687 2476 1820 2534 fixis,

78 2540 442 2608 magnitudines
459 2549 666 2592 notant:
702 2537 799 2590 hos
808 2541 936 2590 inter
950 2535 1020 2653 <igr
1038 2541 1239 2594 Clavius
1250 2575 1265 2599 ,
1286 2539 1630 2597 Astronomiae
1645 2541 1823 2611 cul-tio*-

1029 2616 1059 2651 2
1691 2618 1756 2654 ns
