2175 2911
574 95 704 162 scylla
733 108 862 163 atque
890 90 1130 158 Chambdzssi.
1336 117 1348 126 κ·
1659 92 1724 156 99'

170 199 325 250 MEL:
399 192 681 257 Assequeris
707 177 1008 241 Aflthorum
1033 200 1263 239 mentem
1283 220 1297 245 ,
1327 188 1414 254 qui
1447 186 1560 256 post
1590 187 1788 241 multos
1822 214 1931 275 'sisto

14 273 18 325 ξ
46 264 111 314 de
131 263 258 313 sono
285 262 554 311 clamores,
576 257 736 305 ravim
759 254 883 303 dum
901 254 1139 307 sentiunt,
1159 265 1332 301 tamen
1355 255 1662 311 dissentiunt:
1698 250 1785 304 ha„
1937 252 1948 263 '

14 347 16 351 ’
46 328 224 376 bemus
255 321 457 374 Hercle,
480 335 569 367 cur
595 320 836 367 miremur
865 319 1144 368 Naturam,
1166 329 1323 378 quam
1353 318 1503 364 etiam
1530 332 1619 381 per
1639 331 1769 367 auri<

44 391 340 452 loquentem
366 398 475 432 non
494 381 814 445 intelligimus
827 412 840 434 ,
861 374 1123 442 oculisque
1142 377 1294 428 visam
1312 392 1422 426 non
1446 392 1785 442 penetramus-

14 459 17 477 ⁵
43 453 205 514 Pergo
224 448 287 498 ad
306 447 395 495 alia
410 479 424 500 ,
446 461 554 508 quae
584 444 792 493 oculum
818 443 1144 495 coriiendant,
1164 440 1405 506 prodigia.
1476 443 1606 491 Vide
1628 458 1786 506 quan..

42 527 92 562 ta
113 515 238 561 illius
259 511 500 559 celeritas!
538 518 810 556 momento
832 505 894 554 ad
906 505 1116 555 Coelum
1138 504 1599 558 evolat,momento
1621 507 1786 556 solem

13 614 15 627 ,
41 579 93 625 ὅ(
112 573 268 623 stellas
283 570 476 625 lustrat,
502 581 775 620 momento
795 568 1063 618 seCoelum
1080 566 1318 620 insinuat,
1337 581 1434 615 nec
1458 569 1667 617 oculum
1689 571 1785 617 im-

0 609 17 694 l³
37 639 166 701 plet:
202 635 450 685 mirabiles
480 634 589 684 sunt
607 632 882 682 Coelorum
915 642 1117 683 motus,
1147 629 1228 678 sed
1259 628 1484 679 velocius
1516 646 1625 680 non
1660 643 1783 680 eunt

0 707 16 760 ἐζ
38 699 187 748 orbes
207 695 458 750 coelestes,
477 693 707 759 quamvis
728 694 1050 758 impellantur
1077 692 1138 742 ab
1165 692 1401 757 Angelis:
1437 694 1702 758 impellunt
1732 693 1781 741 se

0 779 16 825 μ
37 761 165 826 ipsos
187 762 339 816 oculi,
360 763 408 811 ὅ(
426 756 594 809 sistunt
614 759 684 812 ses
712 756 815 806 hoc
835 757 1069 806 libertatis
1096 752 1165 804 est
1191 756 1531 820 privilegium,
1551 753 1711 805 fistere
1733 756 1780 804 sc

0 828 15 849 '²
38 824 179 890 poss'e
214 827 265 875 ὃς
301 837 538 875 movere,
572 820 792 884 gaudent
826 821 1051 869 libertate
1089 820 1261 873 oculi,
1299 833 1399 881 qua
1425 832 1593 867 carent
1621 820 1776 869 Coeli.

11 933 16 951 Α,
34 887 217 951 Aperit
241 887 334 934 sese
356 885 559 939 oculus,
582 888 633 934 <Sc
653 884 844 932 arboris
870 882 1116 932 umbrosae
1147 882 1177 931 s
1201 883 1362 930 eciem
1380 883 1551 946 recipit
1580 882 1781 946 impres-

32 949 160 1003 sam,
183 963 404 1011 quacum
421 949 589 997 anima
607 963 731 996 mox
751 946 986 1012 producit
998 960 1144 1011 exprc
1184 960 1284 999 am,
1299 959 1457 1007 quam
1478 944 1688 992 dicimus
1710 945 1778 993 vi-

12 1010 247 1073 gfionem.
315 1013 436 1061 Haec
454 1011 643 1059 arboris
663 1009 803 1064 visio,
828 1025 917 1075 per
935 1024 1120 1059 nervos
1141 1010 1342 1074 opticos
1355 1041 1369 1063 ,
1391 1007 1453 1056 ad
1474 1006 1628 1071 usque
1645 1020 1780 1055 cere-

11 1073 184 1134 f-brum
207 1085 449 1138 propagat
466 1074 678 1137 speciem
699 1073 985 1137 impreffam
1007 1072 1091 1124 sui,
1112 1068 1365 1135 organoq3
1393 1068 1557 1119 sensus
1579 1070 1779 1125 interni,

11 1145 13 1162 ²
31 1136 133 1187 five
152 1137 361 1185 cerebro
382 1137 648 1200 imprimit:
668 1134 774 1184 haec
792 1134 932 1183 subin
943 1134 1121 1198 species
1136 1132 1235 1181 una
1247 1149 1366 1181 cum
1387 1135 1551 1181 anima
1569 1132 1778 1186 cerebri,

11 1199 268 1264 §producit
291 1199 505 1263 speciem
525 1199 675 1246 aliam
692 1196 908 1250 vifionis,
926 1190 1172 1257 arborisqs
1198 1195 1305 1243 visae
1325 1193 1781 1259 expreffam,quam

12 1264 400 1325 ‚cognitionem‚
421 1260 727 1325 phantasma,
744 1260 1010 1323 appellant.
1055 1258 1155 1307 Sed
1176 1257 1398 1306 necdum
1420 1254 1554 1305 satis:
1577 1255 1782 1321 phanta-

11 1324 156 1378 1fina,
180 1324 264 1373 ubi
290 1321 459 1372 anima
487 1323 750 1379 adjutrice,
771 1325 824 1369 in
840 1320 1061 1369 sensitiva
1090 1321 1344 1367 memoria
1359 1351 1372 1372 ,
1390 1319 1588 1381 reliquit
1612 1318 1784 1368 ideam

11 1386 15 1440 ξ
33 1387 104 1436 sui
117 1420 130 1441 ,
150 1401 306 1451 quam
325 1398 538 1436 vocant,
560 1384 1009 1433 rememorativam
1034 1381 1362 1433 materialem,
1383 1380 1477 1428 sese
1495 1396 1615 1429 cum
1643 1382 1785 1430 intel-

12 1449 165 1499 'lectu
191 1450 347 1512 iungit
377 1447 615 1514 possibili,
640 1445 897 1511 ipsamque
921 1455 1125 1508 generat
1148 1442 1545 1491 intellestionem
1574 1443 1783 1492 umbro-

12 1512 92 1562 ¹sae
114 1512 319 1561 arboriS.
429 1510 733 1563 intellectio,
762 1505 1033 1573 postquam
1055 1521 1176 1556 cum
1215 1507 1384 1554 anima
1413 1505 1650 1570 produxit
1682 1505 1785 1570 spe-

11 1576 165 1623 ·ciem
191 1576 636 1623 rememorativam
660 1573 730 1621 sui
750 1571 1075 1636 spiritualem,
1100 1568 1290 1634 partiali
1320 1569 1502 1618 virtute
1528 1570 1786 1617 concurrit

9 1637 95 1686 sad
114 1636 410 1686 desiderium
430 1636 700 1684 voluntatis
714 1667 728 1688 ,
751 1631 933 1684 umbra
954 1632 1155 1682 fruendi
1179 1628 1372 1696 frigida.
1439 1632 1702 1685 Tandem,
1728 1642 1790 1679 ut

11 1695 325 1763 -mysterium
355 1698 637 1750 absolvam,
673 1699 883 1752 volitio,
908 1695 1075 1745 relicta
1102 1693 1239 1749 idea,
1261 1694 1330 1744 sui
1358 1690 1781 1748 rememorativa,

11 1763 269 1827 sspotentiae
307 1763 513 1811 motivae
539 1764 778 1827 imperat,
811 1772 866 1809 ut
891 1760 1163 1809 voluntatis
1188 1759 1458 1823 imperium
1489 1768 1778 1819 exequatur.

12 1819 245 1887 ¹citatisqs
276 1824 483 1889 pedibus
513 1824 784 1875 hominem
807 1823 1068 1871 transferat
1081 1855 1094 1876 ,
1115 1821 1178 1870 ad
1198 1821 1434 1870 umbram
1453 1821 1643 1868 arboris
1662 1818 1782 1867 desi-

11 1888 274 1948 }dcratam.
320 1889 420 1936 En!
444 1900 574 1999 auor
591 1889 795 1952 negotia
816 1885 1133 1952 perficiantur
1153 1884 1254 1933 fine
1272 1885 1510 1947 negotio:
1547 1898 1783 1932 momen-

12 1962 90 1998 .to
112 1949 304 2015 peraeta
323 1964 399 1998 res
417 1964 444 1997 c
497 1968 511 2003 ς
546 1948 655 1999 imo
680 1962 816 1998 tanta
835 1951 888 1997 in
908 1947 1095 1997 cunctis
1117 1948 1414 2001 celeritas,ut
1431 1961 1541 1995 non
1559 1956 1784 1999 notetur,

10 2012 136 2065 {hoc
151 2012 255 2076 ipso
269 2044 284 2065 ‚
307 2026 452 2066 reor,
478 2012 787 2078 prodigiosa,
807 2014 924 2076 quia
941 2012 1106 2059 notari
1135 2011 1324 2074 nequit.

13 2120 15 2123 ,
52 2101 55 2103 -
166 2075 364 2126 LEUC:
431 2076 563 2124 Mira
584 2090 791 2139 quoque
810 2078 939 2125 sono
959 2075 1203 2127 celeritas,
1224 2072 1306 2122 sed
1324 2087 1434 2122 non
1453 2083 1616 2122 tanta:
1651 2070 1784 2122 hanc
1814 2081 1915 2127 soni
1937 2079 2001 2127 in.

0 2140 17 2193 l:
36 2150 208 2189 tamen
235 2137 426 2201 supplet
453 2138 692 2191 intenlio,
718 2153 874 2201 quam
905 2140 1032 2187 inter
1066 2135 1318 2203 paradoxa
1348 2135 1546 2202 phyfica
1566 2136 1670 2194 jure
1695 2151 1786 2185 nu-
1817 2143 1961 2203 cenfio.

0 2212 197 2261 metat
222 2199 559 2264 Philosophia.
657 2202 901 2256 Memini,
930 2200 958 2250 a
988 2214 1072 2252 mc
1099 2199 1254 2251 visam
1281 2200 1541 2264 ingentem
1561 2198 1783 2251 Aulam,

36 2265 102 2317 ab
128 2262 395 2312 artificioso
421 2265 618 2312 fornice
641 2263 915 2313 celebrem:
951 2266 1003 2312 in
1032 2261 1292 2328 oppofitos
1317 2263 1530 2328 angulos
1557 2260 1787 2312 conversi

1 2331 15 2372 ’ss
38 2326 260 2378 Achates
283 2326 389 2375 duo
405 2359 419 2380 ,
448 2325 512 2374 fic
541 2328 760 2375 invicem
787 2329 919 2376 taciti
954 2325 1380 2389 colloquebantur
1402 2359 1416 2381 ,
1450 2337 1506 2375 ut
1532 2321 1709 2376 stantes
1735 2325 1787 2371 in

0 2398 20 2456 'a‘
38 2390 212 2440 medio
247 2390 406 2444 Zoili,
430 2405 525 2437 nec
549 2389 815 2438 verbulum
833 2390 1086 2444 audirent,
1105 2404 1198 2438 nec
1215 2390 1562 2454 intelligerent.
1647 2387 1785 2445 Pavi-

0 2460 21 2499 211
37 2454 199 2504 menti
221 2451 451 2502 medium
477 2452 511 2502 fi
534 2453 663 2517 pede
683 2452 895 2501 modico
914 2452 1150 2517 pulsares,
1172 2464 1337 2502 tantus
1358 2452 1577 2502 insonuit
1597 2449 1786 2512 fragor.

0 2556 7 2562 η
43 2531 103 2567 ac
130 2514 165 2569 fi
184 2527 504 2570 tormentum
532 2516 772 2569 bellicum
793 2515 1083 2633 explffideret
1103 2513 1292 2569 hostilis
1319 2515 1477 2569 furor,
1544 2514 1786 2627 Digam-

993 2591 1024 2627 2.
1670 2587 1726 2626 re
