2175 2911
741 128 920 188 Virgula
945 130 1164 193 Morphez’.
1664 146 1753 195 127

85 236 205 287 culo
234 233 330 301 ipsa
359 242 567 297 quoque
599 226 795 286 objecta
826 227 1090 294 praesentia.
1173 228 1407 278 Communis
1436 229 1621 283 merito
1655 234 1819 299 appel-

83 301 226 352 latur,
243 296 305 347 eo
330 293 472 359 quod
505 306 785 341 commune
813 292 967 340 veluti
997 303 1227 340 centrum
1251 291 1335 346 fit,
1359 295 1421 342 ad
1450 297 1593 358 quod
1614 296 1819 361 species,

81 362 410 412 sensationum
444 357 633 406 vicariae
658 388 669 408 ,
701 354 993 407 confluunt,
1015 367 1229 416 quarum
1261 358 1518 411 varietate,
1543 363 1591 410 δ(
1622 360 1717 424 ipsa
1752 360 1822 407 di-

81 425 255 475 scernit
280 419 503 469 sensuum
527 417 837 477 diversorum
862 417 1072 474 objecta.
1176 416 1278 466 zdo
1295 450 1307 472 ,
1339 422 1542 482 ponitur
1566 423 1818 480 Phantafia,

81 503 190 550 quae
213 483 463 550 potentia,
490 483 643 531 veluti
674 481 835 529 sedula
859 482 1021 529 nutrix
1046 515 1056 531 ‚
1089 479 1276 529 relidtas
1307 482 1595 539 conservat,
1617 483 1644 533 a
1674 485 1823 534 senia*

80 553 220 598 tione
243 541 482 611 praeterita
502 545 707 609 specics,
727 559 942 606 quarum
976 539 1130 607 opera
1156 545 1363 608 percipit
1391 560 1466 593 res
1497 560 1704 609 quoque
1738 548 1820 596 ab-

75 611 228 660 sentes
242 626 255 661 3
293 612 340 658 ὅ(
361 621 514 672 prout
537 608 624 656 has
653 607 828 671 species
843 639 855 659 ,
878 622 970 671 pro
990 608 1158 654 innata
1176 606 1400 661 levitate,
1421 623 1528 657 non
1553 608 1665 661 raro
1686 613 1827 674 imp«

79 669 128 721 te
156 672 444 734 combinat,
484 670 512 719 a
532 672 757 734 Stagirita
789 671 1048 728 Imaginatio
1080 682 1410 734 nuncupatur.
1498 674 1628 721 Huic
1659 673 1819 722 affinis

75 732 145 784 est
166 737 400 787 Memoria,
416 749 524 797 quae
544 733 735 797 speciali
756 745 925 780 tamen
950 732 1116 781 modo
1131 765 1142 783 ,
1166 734 1216 780 in
1235 732 1430 790 objecta
1450 736 1624 790 tendit,
1645 735 1700 786 ut
1719 737 1820 793 jam

74 800 339 864 praeterita:
376 799 427 845 in
449 797 659 845 homine
679 795 819 843 subin
839 798 1036 843 excitari
1060 796 1183 844 solet
1206 795 1433 850 discursu,
1449 800 1636 848 &tunc
1659 799 1822 849 induit

70 861 374 910 nobiliorem
397 870 645 913 naturam,
660 861 774 921 quia
797 858 1113 923 spiritualem,
1133 861 1183 908 δε.
1200 860 1348 908 titulo
1365 862 1692 918 Remimscentiae
1713 863 1822 927 glo-

72 926 239 973 riatur.
309 924 501 988 Quarta
521 924 746 987 potentia
765 921 828 970 ab
842 922 1094 985 Angelico
1116 922 1293 971 dicitur
1308 921 1572 977 aeste'mativa,
1589 941 1697 987 quae
1716 940 1823 989 per-

69 988 187 1051 cipit
206 985 323 1051 ipsas
346 1000 554 1048 quoque
573 987 884 1048 negationes,
909 985 1099 1039 futura,
1121 988 1391 1050 praeterita,
1415 988 1538 1036 nulli
1565 988 1718 1036 sensui
1744 1003 1823 1035 cx-

70 1062 217 1098 terno
243 1049 604 1113 perceptibilia:
641 1049 746 1097 haec
760 1064 816 1096 ex
839 1048 1013 1096 officio
1029 1051 1271 1113 proponit
1293 1053 1722 1103 convenientiam,
1737 1063 1822 1099 aut

73 1113 557 1161 disconvenientiam
593 1126 786 1163 rerum,
811 1124 865 1158 ut
889 1115 1156 1174 appetitus,
1181 1114 1352 1174 aliquo
1384 1114 1578 1168 modo,
1601 1114 1704 1163 hoc
1737 1114 1821 1162 eli-

72 1188 180 1241 gat,
205 1178 254 1224 &
277 1173 400 1222 illud
423 1172 635 1236 respuat,
658 1173 760 1220 hoc
783 1172 962 1235 fugiat,
990 1174 1038 1219 id
1066 1174 1406 1236 prosequatur.
1506 1178 1587 1225 Dc
1614 1176 1706 1224 hac
1727 1192 1818 1239 po-

68 1239 222 1286 tentia
244 1234 575 1301 Philosophiae
597 1235 859 1284 tribunalia
889 1232 1224 1299 perstrepunt,
1251 1239 1300 1287 &
1323 1239 1603 1288 etiamnum
1635 1239 1722 1288 sub
1746 1239 1817 1296 ju-

72 1301 181 1350 dice
210 1302 264 1349 lis
290 1296 384 1352 est,
406 1314 561 1362 quam
588 1299 700 1347 alibi
721 1298 942 1362 pluribus
964 1299 1269 1348 decidemus.

228 1363 427 1414 LEUC:
465 1359 673 1419 Iniecisti
701 1359 832 1426 prius
870 1364 1189 1410 mentionem
1223 1363 1284 1410 dc
1313 1366 1526 1428 Organo
1556 1364 1718 1415 sensus
1745 1368 1817 1413 in-

75 1429 234 1476 terni:
269 1426 413 1480 huic,
438 1423 490 1474 ni
513 1425 687 1479 fallor,
723 1424 890 1473 sedem
926 1426 977 1471 in
1000 1424 1155 1472 corde
1187 1424 1290 1472 fixit
1312 1427 1675 1492 Philosophus:
1713 1428 1817 1476 hoc

71 1491 389 1539 domicilium
416 1491 523 1552 quis
555 1501 747 1538 mutare
764 1487 1047 1553 praesumat?
1115 1488 1270 1534 MEL:
1338 1491 1557 1539 Facultas
1587 1491 1813 1543 medica,

70 1568 179 1615 quae
207 1568 312 1601 uno
344 1567 435 1600 ote
466 1554 703 1601 reclamat
731 1581 744 1606 ,
779 1567 964 1600 vocem
986 1551 1218 1615 Principis
1250 1552 1428 1601 Caleni
1455 1555 1659 1616 sequuta
1685 1571 1694 1600 :
1732 1553 1816 1600 hic

69 1617 195 1664 dum
214 1613 441 1663 stabilem
461 1618 513 1663 in
537 1616 745 1664 cerebro
765 1613 930 1663 sedem
965 1613 1117 1662 sensui
1135 1617 1334 1663 interno
1360 1614 1587 1680 assignat,
1624 1613 1817 1664 elatissi-

64 1679 159 1726 mis
179 1679 522 1741 experimentis
544 1675 854 1726 demonstrat
876 1711 888 1732 ,
925 1680 1184 1726 veritatem
1208 1680 1259 1726 in
1290 1678 1578 1744 Philosophi
1604 1679 1815 1728 cerebro

12 1755 14 1757 ·
65 1755 173 1788 non
194 1739 384 1805 semper
415 1736 639 1789 stabilem
671 1740 819 1790 fixiss'e
855 1741 1040 1789 sedem.
1142 1743 1203 1790 Et
1233 1744 1464 1806 nunquid
1494 1743 1816 1791 somniorum

64 1803 402 1867 phantasmata
415 1806 694 1869 experimur
716 1808 765 1853 in
789 1804 976 1868 capite?
1010 1806 1059 1853 in
1083 1820 1188 1868 quo
1208 1804 1240 1853 fi
1262 1807 1380 1870 liges
1401 1806 1588 1854 cerebri
1610 1816 1813 1855 nervos,

65 1866 261 1914 cessabit
284 1884 294 1913 :
331 1866 364 1915 fi
386 1869 504 1931 liges
525 1868 690 1917 cordis
712 1872 908 1917 arterias
932 1901 944 1922 ,
980 1870 1131 1916 etiam
1153 1867 1363 1917 cessante
1385 1869 1522 1934 pulsu
1554 1902 1566 1923 ,
1590 1885 1698 1916 non
1719 1867 1815 1916 ces-

62 1928 181 1977 sabit
205 1927 360 1977 sensus
379 1932 618 1980 internus.
684 1932 934 1981 StruC‘tuta
954 1933 1100 1993 igitur
1122 1932 1311 1979 cerebri
1335 1931 1634 1995 aptissimum
1652 1929 1814 1980 sensus

66 1994 355 2040 communis
375 1989 445 2040 est
462 1994 778 2044 domicilium
796 2029 807 2050 ‚
826 1997 940 2058 quia
958 1995 1212 2059 spirituum
1235 1997 1440 2058 genitrix
1464 2027 1476 2048 ,
1512 1992 1815 2044 nervorum*

68 2069 169 2117 que
196 2057 376 2118 origo:
411 2071 500 2119 per
520 2073 649 2120 quos
678 2058 817 2107 ficuti
837 2059 1023 2124 spiritus
1052 2057 1288 2106 animales
1316 2058 1377 2106 ad
1411 2058 1565 2106 sensus
1595 2058 1812 2122 singulos

65 2117 418 2188 devehuntur,⁴
450 2120 516 2166 ita
536 2124 852 2170 commercio
884 2133 1067 2170 mutuo
1095 2154 1107 2174 ,
1144 2120 1475 2169 sensationum
1499 2133 1816 2170 externarum

61 2181 265 2245 species,
305 2181 367 2229 ad
392 2182 581 2230 sensum
603 2200 964 2237 communem,
979 2185 1131 2234 veluti
1151 2195 1398 2238 centrum,
1420 2182 1654 2234 facillime
1675 2201 1812 2233 reve-

2 2273 4 2276 ·
65 2243 268 2293 huntur,
339 2244 592 2293 Caeterum
618 2263 674 2294 ex
708 2247 796 2296 illo
826 2249 1092 2297 Medicinae
1123 2246 1483 2312 phoenomeno
1521 2281 1534 2303 ,
1572 2264 1677 2311 quo
1713 2263 1811 2296 una

54 2307 244 2356 cerebri
269 2320 432 2371 parte,
468 2306 602 2358 forte
633 2307 847 2360 fortuito
870 2312 1004 2365 laesa,
1025 2326 1123 2359 una
1142 2310 1477 2360 solummodo
1495 2312 1688 2361 laeditur
1713 2312 1814 2359 sen-

59 2368 137 2421 sfis
155 2373 335 2419 interni
363 2370 584 2426 funffio,
607 2385 801 2422 certum
826 2369 894 2422 est
911 2407 924 2429 ,
959 2376 1184 2423 internos
1205 2373 1362 2423 sensus
1390 2389 1500 2424 non
1519 2375 1739 2425 eundem
1759 2375 1812 2420 in

65 2434 272 2483 cerebro
296 2433 477 2483 habere
507 2435 684 2485 situm:
723 2437 804 2485 sed
832 2438 1033 2501 qualem
1060 2437 1292 2492 habeant,
1312 2439 1592 2492 incertums
1627 2438 1815 2485 divinet

62 2492 515 2562 Apollo,sipotest0
569 2503 776 2550 Maurus
796 2500 988 2550 sensum
1009 2516 1347 2551 communem
1370 2502 1508 2552 locat
1536 2506 1588 2551 in
1610 2501 1806 2549 fronte:

64 2561 307 2615 conclave
330 2562 536 2617 interius
567 2562 863 2619 aestimativae
893 2563 1095 2631 assignat
1119 2567 1358 2631 potentiae
1383 2583 1393 2616 :
1428 2562 1693 2681 Ph}m³.s¹ae
1726 2561 1811 2612 dat

622 2650 626 2653 >
1523 2636 1745 2693 ynclpub
