2175 2911
710 128 881 193 Coloffuae
912 131 1133 194 Mysticue:
1672 144 1743 196 77

7 239 11 285 1
60 235 161 289 do3
195 240 421 283 mentem
442 235 612 280 meam
635 226 669 276 fi
689 230 825 293 cupis
840 260 853 282 ,
869 227 932 285 ad
948 227 1186 298 incudem
1204 225 1319 276 alibi
1337 230 1479 279 mitte
1493 227 1807 287 sententiamr

9 311 14 357 {²
65 303 115 349 &
140 298 461 347 malleabitur.
547 292 603 340 Id
642 293 739 348 jam
761 290 923 340 dixiss'e
962 291 1166 338 sufficiat
1187 323 1199 344 ,
1237 290 1408 340 odoris
1432 294 1766 357 phaenomena
1788 328 1801 349 ‚

10 365 14 415 ἓ
62 364 209 411 etiam
230 372 357 408 extra
376 358 656 420 Peripatum
678 389 690 409 ,
727 371 832 404 non
866 351 1059 402 destitui
1081 369 1303 418 congrua
1337 356 1516 418 genesi.
1600 358 1805 407 Moscus

12 437 14 476 ἱ
59 424 254 474 Indicus
273 436 379 469 non
400 418 486 466 nisi
514 421 564 466 in
587 420 798 467 Patrocli
818 418 940 466 sellis
959 417 1231 482 pretiosum
1256 417 1397 481 spirat
1419 420 1638 469 odorem
1654 455 1667 476 ,
1691 437 1807 486 pro-

12 504 16 542 ς
61 500 169 552 pter
190 481 537 548 antiperistafin
564 499 574 528 τ
613 483 796 530 ambrae
827 481 1064 546 particula
1099 513 1113 534 ‚
1147 483 1411 544 geminum
1441 479 1649 532 lustrum
1669 517 1682 539 ‚
1712 485 1806 532 mi-

13 546 17 609 }
56 551 187 599 nutis
204 545 396 610 singulis
416 580 427 596 ‚
464 542 606 608 sique
624 543 792 608 lingua
818 558 1017 593 utamur
1036 541 1352 607 gnomonica
1367 576 1379 598 ‚
1395 546 1544 593 etiam
1563 547 1805 601 secundis,

59 609 344 674 corpuscula
375 623 472 670 qua
508 608 777 661 traversum
815 607 1017 673 exspirat
1044 609 1103 654 jn
1123 606 1342 655 orbitam
1363 640 1376 661 ,
1413 621 1614 672 propter
1628 610 1806 658 subtili-

0 679 19 729 «ᾗ
55 685 208 722 tatem
243 672 439 736 prorsus
526 673 777 734 upendam
808 704 820 724 ‚
857 685 955 732 qua
986 667 1206 722 constat,
1243 671 1596 734 corpusculum
1615 672 1806 720 sensibi-

16 763 19 787 ;
53 735 101 784 Ie
131 737 337 783 unicum
370 737 421 783 in
461 735 710 785 milliones
759 733 1110 782 insensibilium
1131 734 1377 798 plurimos
1404 733 1450 781 se
1480 733 1528 781 se
1563 734 1800 785 dividere.

0 806 21 862 p}
50 798 175 848 Hoc·
195 799 282 860 qui
309 809 455 861 negat
466 830 485 851 ‚,
503 795 657 862 fidem
674 796 993 845 Authoribus
1015 796 1227 861 denegat
1249 830 1261 851 ‚
1299 812 1398 859 qua
1418 797 1684 847 meliorem
1712 813 1808 845 nec

9 877 22 913 ,ε
53 860 189 909 dabit
207 860 334 925 ipse,
370 874 467 908 nec
486 859 656 907 habet.
719 860 861 909 Audi
883 860 1204 909 Grimaldum
1224 894 1244 914 ‚.
1274 874 1429 922 quem
1451 859 1646 925 insignis
1667 876 1808 924 expe-

50 925 223 972 rientia
244 919 418 989 testem
453 921 570 971 facit
594 955 607 977 ,
645 925 794 972 omni
821 925 1118 988 exceptione
1151 924 1403 980 majorem>
1429 939 1442 975 3
1477 925 1544 971 ait
1569 925 1649 971 ille
1672 957 1685 977 ‚
1720 926 1808 987 lig-

19 996 179 1034 lnum
209 984 453 1034 Brafilum
488 988 787 1049 neutiquam.
817 987 1123 1035 diminutum
1149 1020 1162 1041 ,
1200 986 1283 1036 etsi
1316 987 1526 1035 extraCta
1553 985 1646 1034 sint
1683 985 1810 1033 sexa-

11 1040 25 1118 ξ
49 1050 148 1113 gies
171 1081 184 1101 ,
221 1050 460 1112 nonagies
480 1082 492 1101 ‚
529 1052 792 1111 quinquies
813 1051 995 1099 millies
1018 1051 1221 1098 millena
1243 1050 1549 1114 corpuscula.
1651 1048 1809 1098 Sabaei

23 1166 27 1230 ξ
49 1174 124 1223 bae
150 1173 313 1222 suffitu
332 1173 376 1221 se
401 1187 639 1222 recreant.
677 1176 756 1222 Sic
773 1187 1065 1222 memorant
1077 1176 1395 1224 Menalcam,
1428 1171 1694 1237 fragrantia
1708 1174 1809 1222 bal-

23 1255 28 1307 1
47 1236 169 1285 sami
183 1269 196 1290 ‚
233 1235 421 1300 pass'um
444 1238 570 1284 olim
593 1238 869 1301 deliquium
886 1270 900 1290 ‚
936 1253 1034 1284 nec
1059 1235 1146 1284 nifi
1169 1237 1310 1284 suetis
1331 1237 1511 1299 Augiae
1535 1238 1771 1284 aromatis
1792 1268 1806 1290 ‚

19 1309 28 1359 ,ξ
47 1299 112 1348 a⁸d
134 1299 403 1348 hominem
425 1297 595 1348 denuo
619 1299 829 1346 rediiss'e.
904 1297 1018 1347 Imo
1042 1315 1136 1346 nec
1157 1301 1301 1346 Veris
1325 1299 1537 1353 deliciae,
1561 1301 1706 1347 omni
1724 1315 1809 1347 na-

26 1362 304 1418 {so·deliciae
327 1379 337 1408 :
360 1362 480 1424 quid
498 1364 748 1409 amoenius
762 1358 878 1407 rosa
901 1362 915 1406 ἒ
952 1361 1015 1407 ab
1026 1362 1153 1407 iilius
1172 1373 1344 1407 tamen
1358 1361 1521 1408 odore
1542 1362 1606 1410 sic
1625 1361 1810 1409 abhor-

28 1422 190 1483 {ruifl'e
212 1424 422 1488 legimus
444 1424 727 1473 Oliverium
749 1421 1001 1472 Caraffam
1017 1454 1030 1475 ‚
1054 1434 1109 1470 ut
1130 1423 1274 1470 Veris
1292 1436 1527 1485 tempore
1546 1422 1722 1473 Roma
1742 1425 1808 1472 se-

29 1487 252 1535 {cederet
274 1520 292 1541 ‚-
323 1484 514 1536 armata
533 1483 759 1535 custodia
784 1485 845 1534 ad
869 1485 1113 1533 conclave
1136 1487 1388 1549 purpurati
1405 1487 1641 1550 Principis
1667 1502 1810 1535 excu-

51 1550 202 1599 bante
223 1583 236 1604 ,
272 1565 337 1598 ne
359 1552 466 1612 quis
494 1549 750 1614 hospitum
777 1548 946 1597 rosam*
970 1548 1174 1595 inferret
1195 1583 1207 1599 ,
1243 1547 1616 1612 ingratissimam
1648 1549 1809 1614 hospi-

31 1625 172 1661 ·tem.
240 1612 509 1676 Barbarigo
530 1612 723 1661 sensnm
743 1645 756 1664 ,
792 1612 1068 1660 Laurentio
1094 1611 1457 1661 Uratislaviensi
1481 1615 1632 1660 etiam
1652 1615 1811 1662 vitam

32 1672 234 1739 [eripuit
248 1675 472 1723 rosarum
496 1676 657 1729 odor,
694 1687 749 1723 ut
770 1676 921 1739 proin
939 1672 1123 1723 merito
1153 1676 1208 1724 in
1227 1674 1636 1730 clibano‚calidis
1657 1677 1809 1724 etiam

31 1738 275 1802 {lacrymis
297 1771 310 1791 ‚
326 1738 537 1786 eluerint
552 1750 752 1789 tantum
773 1738 946 1786 scelus.
1010 1737 1070 1786 Id
1091 1737 1227 1786 addo
1248 1736 1273 1794 <
1293 1738 1539 1802 quidquid
1577 1738 1631 1787 fit
1645 1739 1706 1787 de
1725 1754 1811 1788 na-

0 1838 1 1841 *
33 1805 159 1849 {tura
184 1803 233 1851 ὃ(
254 1800 467 1858 indole)
503 1803 678 1850 odoris
699 1800 900 1864 genesin
925 1816 1032 1849 non
1060 1801 1154 1850 effe
1176 1800 1264 1850 nifi
1289 1818 1346 1850 ex
1375 1802 1620 1856 humido,
1656 1804 1721 1850 ita
1742 1815 1811 1851 ta-

0 1902 1 1909 ,
35 1864 170 1913 'men
193 1875 247 1912 ut
269 1866 553 1928 primariam
573 1864 661 1914 fibi
683 1865 838 1913 filiam
864 1864 1121 1914 vindicent
1139 1865 1278 1913 calor
1299 1870 1348 1915 ὅ(
1367 1865 1551 1914 siccitas
1571 1899 1583 1918 ‚
1620 1867 1705 1928 qui
1723 1865 1813 1914 hu-

0 1964 4 1972 .
37 1926 196 1976 ‘mido
237 1926 664 1990 praedominantur
690 1946 700 1976 z
736 1927 855 1976 hinc
886 1927 952 1975 illi
984 1960 1004 1981 ,·
1033 1927 1214 1988 quibus
1246 1941 1706 1993 temperamentum
1729 1928 1813 1978 fic-

0 2029 3 2037 .
37 2005 171 2038 =cum
194 1992 245 2039 ὃς
260 1991 466 2053 igneum
492 2026 506 2042 ,
543 1994 695 2040 etiam
717 1993 769 2040 in
793 2006 1011 2055 corpore
1035 1991 1237 2038 felicem
1259 2007 1366 2040 non
1384 2007 1647 2055 nunquam
1668 1993 1808 2041 alunt

0 2152 7 2169 .
39 2115 180 2178 {cedo
205 2148 219 2169 ‚
255 2115 391 2172 cujus
413 2131 595 2180 corpus
617 2117 1107 2184 merum'spiraverat
1137 2119 1551 2172 cinnamomum,
1581 2131 1635 2167 ut
1669 2121 1716 2169 &
1738 2119 1812 2168 su-

41 2178 177 2233 .dor‚
214 2180 267 2228 <Sc
288 2176 434 2227 vestis
454 2181 691 2234 interior,
726 2181 1044 2245 fragrantiam
1063 2181 1314 2229 medicam
1349 2184 1618 2230 retinerent
1649 2199 1659 2230 :
1697 2181 1807 2233 imo

41 2243 200 2305 {etiam
225 2240 286 2289 ab
307 2243 513 2306 exangui
540 2243 780 2293 cadavere
801 2277 813 2296 ‚
849 2244 984 2293 diem
1006 2245 1274 2308 septimum
1298 2246 1597 2309 incorrupto
1624 2279 1636 2299 ‚
1671 2257 1808 2294 tanta

43 2302 245 2363 {stillavit
264 2303 601 2354 suaveolentia
625 2339 638 2359 ,
674 2318 729 2355 ut
747 2308 947 2359 DEUM
964 2304 1110 2358 facile
1120 2307 1395 2356 credidisset
1410 2308 1718 2372 Antiquitas,
1735 2310 1802 2356 ni-

31 2367 87 2438 -zfi
103 2370 250 2416 toties
275 2368 368 2416 sese
390 2367 658 2418 hominem
680 2367 1070 2420 demonstrasset.
1127 2370 1264 2423 Nihil
1290 2371 1426 2422 addo
1449 2372 1510 2421 de
1524 2385 1803 2437 corporum

0 2461 9 2493 ς,
19 2432 37 2478 ³3·
46 2430 409 2495 damnatorum
430 2432 643 2488 foetore,
669 2433 733 2482 de
753 2435 1027 2485 Beatorum
1042 2436 1302 2498 fragrantia
1321 2451 1332 2481 :
1368 2452 1478 2485 non
1493 2437 1627 2484 enim
1641 2434 1702 2481 ad
1719 2448 1804 2480 na-

0 2510 8 2558 1
47 2503 209 2565 {ruram
231 2527 244 2549 ,
280 2510 388 2558 quae
410 2495 548 2560 supra
566 2509 813 2547 naturam.
866 2500 1059 2551 Scimus
1082 2501 1377 2549 Simeonem
1392 2497 1603 2565 stylitem
1618 2530 1631 2551 ‚
1655 2495 1800 2557 quod

0 2576 11 2622 i
50 2569 192 2611 ,vivus
213 2559 550 2613 Seminarium
581 2563 836 2615 vermium
869 2580 880 2611 :
917 2575 1149 2676 m<ortuus
1182 2562 1442 2618 officinam
1467 2561 1803 2616 aromaticam

931 2627 956 2680 1
1017 2639 1042 2682 3
1561 2637 1739 2688 reprae-

963 2810 983 2820 l

22 1111 316 1159 *odoriferis
342 1125 479 1159 terrae
501 1111 731 1160 halitibus
762 1109 1017 1176 stupefacti
1047 1146 1060 1166 ,
1095 1113 1334 1176 sulphuris
1372 1109 1676 1175 hircinaeq'ue
1701 1112 1809 1159 bar·
1842 1127 1846 1132 ’

1841 1580 1874 1629 C
1870 1596 2023 1627 romer.

0 2091 6 2101 .
39 2053 300 2115 *Arabiam
322 2070 332 2099 :
370 2050 499 2101 testis
522 2053 594 2102 est
611 2051 795 2104 statura
815 2070 991 2118 parvus
1017 2087 1029 2108 ‚
1066 2053 1146 2102 sed
1165 2069 1375 2118 magnus
1394 2055 1474 2103 ille
1494 2057 1673 2104 virtute
1697 2057 1810 2105 Ma·
1840 2055 1964 2101 Plut-
