2175 2911
616 110 663 158 T
655 108 1015 172 echnophylacium
1037 106 1272 170 Physicum.
1658 118 1744 165 231

71 210 208 258 tioris
221 207 569 273 Philosophiae,
589 224 644 258 ac
658 206 941 259 Matheseos
954 204 1108 271 opera
1127 241 1139 261 ,
1175 224 1281 258 non
1303 207 1450 256 semel
1466 205 1694 256 effecerat
1714 237 1726 259 ‚
1763 215 1817 253 ut

70 273 166 335 ipsa
187 272 388 321 Chloris
407 288 515 319 non
537 272 846 336 dignosceret
863 272 1011 320 flores
1031 286 1177 318 veros
1197 271 1223 319 a
1241 271 1362 320 siffis
1375 287 1388 324 3
1418 284 1472 320 ut
1486 271 1684 319 metalla
1705 283 1813 316 mu-

67 337 229 399 girent
242 368 254 388 ,
281 334 668 399 serpentesiaenei
691 335 936 384 sibilarent
954 367 968 388 ,
1003 332 1237 382 simulata:
1258 335 1459 383 aviculae
1475 344 1735 384 cancrent,
1754 346 1814 378 ae-

0 406 2 459 J
67 392 243 460 reique
270 395 505 446 homines
532 400 584 446 in
611 401 724 448 ae're
761 399 1142 447 buccinarentur
1171 430 1184 450 ,
1220 396 1351 447 adeo
1383 409 1438 446 ut
1475 396 1609 461 apud
1631 394 1810 443 rudem

65 460 381 524 plebeculam
403 458 613 510 audierit
630 463 811 525 Magus
834 494 848 515 ,
876 459 994 509 cum
1017 471 1189 507 tamen
1207 476 1315 509 non
1338 459 1452 510 ess'et
1470 459 1558 510 nisi
1576 454 1812 523 Magister

0 576 1 579 Ἴ
67 521 326 572 artificialis
338 525 518 589 Magiae
533 557 546 580 ,
567 539 711 574 verus
728 523 1058 587 Philosophus
1073 555 1086 575 ,
1107 524 1221 584 quia
1232 523 1437 573 sanetus.
2059 573 2062 575 a

0 592 2 653 J
226 587 425 638 LEUC:
492 584 574 637 Est
592 587 695 638 hoc
714 603 898 652 nempe
918 585 1218 637 Cerdonum
1248 584 1452 651 stigma,
1492 598 1542 634 ut
1567 597 1813 650 quaecunque
1846 564 2062 625 sffudm.

0 674 1 699 1
65 652 288 707 ignorant,
321 649 614 711 blasphement.
684 653 842 705 MEL,·
894 647 1010 700 Imo
1035 645 1102 697 est
1134 647 1238 697 haec
1264 648 1544 715 sophorum
1565 648 1812 698 charai‘re-

0 722 2 753 Ξ
67 709 247 766 ristica,
268 711 405 777 posse
426 714 714 780 suspendere
734 713 921 779 popelli
949 729 1064 766 ora,
1085 714 1135 762 δε
1159 712 1337 762 ludum
1366 715 1528 763 facere
1555 711 1809 761 indoc‘tos.

0 781 3 797 ‘⁸
64 775 116 824 Si
140 777 289 824 Melis
313 776 457 840 adipe
489 779 693 841 capillos
718 779 875 826 illinas
906 776 1105 829 Idiotae,
1129 777 1495 841 expergefaetus
1523 774 1737 841 stupebit
1763 774 1812 823 se

0 847 2 900 Γ
67 852 125 885 ex
145 839 342 895 Juvene
362 855 573 893 canum,
594 856 712 889 cum
737 841 894 889 Poeta
914 840 1219 887 exclamans:
1258 845 1293 885 0
1319 856 1428 894 nox,
1452 841 1577 901 qua‘m
1601 842 1724 897 longa
1751 854 1810 889 es,

0 903 3 959 ᾗ
67 916 151 962 quae
167 898 281 958 facis
302 917 386 946 una
409 906 569 949 senem.
670 903 721 950 Si
742 917 953 951 manum
979 902 1065 949 lini
1088 898 1211 949 oleo
1230 901 1412 952 illinas,
1441 903 1690 964 liquatum
1710 899 1812 946 sine

67 962 249 1011 dolore
271 963 496 1013 tradiabis
527 964 822 1028 plumbums
874 960 1216 1026 sulphurisque
1239 963 1428 1012 accensi
1451 965 1601 1011 fumo
1619 959 1814 1011 Thersi-

0 1033 4 1085 ζ
64 1037 168 1074 tem
192 1026 444 1075 dealbabis
468 1026 780 1091 AEthiopem.
880 1025 978 1074 Sed
1001 1027 1108 1086 quis
1129 1027 1180 1071 in
1209 1041 1479 1074 numerum
1500 1037 1652 1088 cogat
1670 1026 1814 1071 innu-

0 1095 5 1154 i
65 1103 204 1137 mera
228 1091 407 1152 Magiae
432 1090 574 1148 hujus
596 1089 950 1154 prodigia,quae
976 1086 1146 1153 passim
1166 1087 1385 1136 referunt
1408 1090 1689 1138 curiosioris
1702 1086 1814 1135 Phi-

1 1171 5 1215 ς
64 1151 305 1215 losopliiae
331 1153 593 1203 Cultores?
629 1153 728 1202 Ars
750 1153 911 1217 potest
931 1168 1023 1216 pro
1038 1151 1175 1199 libitu
1196 1164 1389 1200 mutare
1410 1152 1635 1201 colores:
1656 1151 1721 1200 sic
1739 1151 1810 1199 vi-
2014 1197 2040 1210 „

62 1213 109 1263 sa
132 1215 399 1276 quondam
417 1216 514 1264 lilia
538 1219 672 1279 nigra
687 1217 844 1269 ,corvi
866 1215 1080 1265 candidi,
1097 1210 1366 1278 Cygnique
1388 1217 1551 1265 corvis
1572 1213 1812 1264 omnibus
1849 1198 2041 1275 ssustadv

1 1310 3 1340 ᾗ
64 1278 332 1341 nigriores:
369 1276 532 1342 potest
551 1281 824 1327 accendere
847 1280 1035 1330 nivem,
1057 1280 1105 1326 ὃς
1130 1279 1358 1341 glaciem,
1385 1278 1654 1327 efformare
1676 1279 1812 1339 ignes
1847 1264 2025 1336 thj'w

2 1363 6 1400 g
65 1343 115 1390 in
135 1342 272 1403 aquis
296 1345 523 1391 ardentes
538 1337 622 1396 ,‘in
653 1345 766 1390 ae're
790 1341 986 1406 prorsus
1017 1343 1274 1389 innoxios=
1320 1339 1483 1406 potest
1515 1341 1737 1395 efficere,
1759 1352 1813 1389 ut
1851 1329 1986 1387 ΕΡΖΙΕ·

2 1404 5 1462 ¹,
61 1403 192 1453 surdi
216 1407 490 1470 percipiant
516 1404 791 1458 Musscam,
823 1420 922 1454 ova
955 1404 1224 1453 discurrant
1248 1405 1299 1452 in
1336 1405 1578 1458 orbitam,
1609 1419 1683 1452 res
1707 1404 1813 1453 visae

35 1526 40 1530 ἡ
65 1467 253 1530 absque
285 1469 438 1533 Gygis
463 1471 679 1520 annulo,
711 1469 1009 1533 dispareant,
1040 1465 1302 1528 oculisque
1334 1466 1494 1516 subito
1528 1470 1810 1531 eripiantur.
1853 1459 2066 1507 Pnfflwt-

0 1538 6 1579 i
63 1528 233 1580 Potest
256 1548 376 1581 cum
398 1532 725 1587 Archimede,
741 1548 827 1597 per
845 1532 1036 1596 specula
1057 1527 1282 1584 caustica,
1299 1531 1566 1579 incendere
1590 1528 1816 1579 hostium
1881 1535 1967 1570 tus.

63 1593 229 1642 claffes
244 1629 256 1650 ,
278 1598 429 1645 etiam
450 1594 652 1646 dissitas:
690 1611 775 1661 per
797 1594 1043 1644 mirabiles
1066 1593 1346 1645 machinas,
1374 1597 1422 1644 &
1443 1594 1726 1659 paradoxos
1746 1606 1814 1642 te-

63 1657 235 1706 lorum
256 1659 443 1708 imbres
467 1659 530 1708 fic
553 1658 776 1725 dissipare
794 1659 997 1707 inimica
1017 1657 1356 1708 obsidentium
1378 1659 1578 1721 agmina
1595 1691 1608 1711 ,
1633 1671 1685 1706 ut
1703 1672 1814 1705 non

0 1731 5 1777 ’ζ
63 1734 240 1771 contra
259 1722 523 1777 homines,
546 1722 631 1771 sed
647 1736 824 1771 contra
846 1724 987 1771 Deos
1007 1723 1292 1786 Olympum
1316 1722 1473 1785 ipsum
1495 1722 1540 1770 se
1554 1725 1814 1786 impugna-

61 1799 114 1832 re
137 1783 440 1835 existiment:
514 1784 642 1836 otest
657 1821 671 1840 ,
692 1791 892 1851 quamvis
919 1787 1069 1832 molem
1092 1783 1351 1848 qmbmlihet
1370 1801 1541 1832 movere
1560 1784 1744 1835 viribus,
1763 1786 1814 1834 &

62 1849 356 1914 prodigiosae
374 1863 485 1898 troc
503 1851 611 1898 ileae
637 1848 886 1899 beneficio
909 1852 1132 1914 ingentes
1145 1848 1387 1896 attrahere
1400 1850 1661 1897 ‘onerarias
1678 1866 1686 1894 :
1702 1846 1814 1896 imo

60 1912 531 1980 fiextra-Tellurem
550 1915 726 1962 locum
747 1912 949 1978 affignes
972 1946 984 1966 ,
1015 1928 1120 1976 quo
1144 1912 1325 1977 pedem
1356 1910 1499 1976 figat,
1522 1912 1678 1977 ipsum
1709 1911 1816 1974 glo-
1852 1945 1934 1988 Pp
1956 1939 2063 1987 Gal‘

64 1976 191 2024 bum
211 1979 560 2039 Terraqueum
576 1978 702 2026 loco
721 1979 906 2042 poterit
925 1977 1204 2025 dimovere.
1271 1973 1439 2024 Potest
1451 1975 1667 2024 cumillo
1681 1975 1817 2024 Arti-
1849 1976 1948 2062 lens

7 2064 31 2084 .-
63 2038 158 2088 fice
179 2040 364 2096 Tiberii
396 2041 594 2090 Caesaris
615 2043 748 2090 vitro
772 2041 889 2090 dare
903 2041 1199 2104 temperiem
1224 2038 1437 2087 flexilem
1460 2071 1473 2092 ,
1509 2051 1564 2087 ut
1584 2039 1682 2095 jam
1704 2053 1815 2086 non
1932 2038 1943 2050 ⁸

7 2157 9 2163 .
61 2103 257 2167 fragiles
275 2103 475 2168 phialae,
512 2106 562 2152 in
583 2116 770 2152 terram
794 2103 957 2158 allisae,
995 2105 1327 2152 intumescant
1354 2101 1686 2152 solummodo
1711 2134 1724 2156 ,
1759 2104 1812 2152 ὅ(

8 2190 11 2195 ·
63 2167 279 2216 contusae
302 2167 489 2216 malleo
509 2168 923 2232 complanenturs
949 2167 1146 2216 Artifex
1165 2168 1299 2216 mori
1318 2166 1462 2223 jufl'us
1477 2165 1503 2214 a
1522 2164 1728 2218 Caesare,
1749 2180 1814 2212 ne

0 2231 13 2286 f
64 2245 210 2279 aurea
225 2246 318 2295 prae
334 2232 497 2280 vitreis
510 2230 803 2287 hominibus
816 2230 1062 2279 vilescant.
1078 2228 1247 2281 Potest
1258 2233 1481 2279 lucernas
1493 2228 1732 2278 fabricare
1745 2230 1817 2276 in-

0 2296 11 2344 '1
62 2294 428 2358 extinguibiles,
463 2293 648 2344 merito
667 2290 873 2342 illustres
894 2326 906 2347 ,
940 2296 1055 2356 quia
1075 2297 1280 2359 perenni
1312 2294 1501 2344 lumine
1529 2289 1810 2342 illustratas:
1848 2293 2030 2340 l.21.de

0 2364 5 2402 J
65 2357 130 2407 sic
144 2358 394 2407 Africanae
407 2356 631 2406 Ecclesiae
645 2359 846 2407 Lumen
867 2354 1573 2423 inextinguibile,Augustinus
1586 2352 1712 2403 testis
1728 2350 1812 2408 est,
1847 2359 1939 2406 Civ.
1954 2372 1991 2404 c.
2017 2355 2064 2406 6.

1 2423 13 2478 ’,
64 2422 323 2470 lucernam
336 2420 579 2476 eiusmodi
602 2423 653 2469 in
679 2420 803 2470 fano
820 2419 1030 2469 Veneris
1061 2422 1186 2470 olim
1215 2423 1491 2472 inventam,
1520 2434 1656 2482 quae,
1688 2418 1810 2467 oleo

28 2518 36 2525 -
64 2499 326 2547 nunquam
345 2484 610 2547 absumpto
626 2517 639 2538 ,
661 2483 816 2536 mille,
836 2486 885 2533 ὅ(
913 2484 1124 2548 amplius
1143 2499 1320 2538 annos,
1340 2484 1438 2548 jugi
1458 2483 1665 2534 lumine,
1692 2496 1812 2529 exae·

10 2575 13 2614 5
70 2544 261 2609 quarat.
354 2547 453 2601 Ubi
473 2548 695 2612 adjungit
710 2546 1004 2599 Ludovicus
1023 2549 1178 2602 Vives
1193 2580 1208 2605 ‚
1233 2560 1381 2600 eruto
1404 2546 1668 2657 ‘luondaff
1688 2558 1813 2594 con-

1646 2620 1742 2659 ito-
