2175 2911
737 126 869 174 Atlas·
893 123 996 172 Phil
998 126 1215 189 osbpln'cuae.
1726 149 1748 183 ι
1757 149 1788 195 9

97 230 207 270 tum
232 216 392 272 subito
411 221 796 286 interemptum,
823 217 974 276 salva,
1000 224 1050 271 ὃς
1077 224 1322 274 incolumi
1347 226 1557 278 Parente
1578 227 1845 279 affirmant.

95 284 160 333 Et
180 285 299 348 quid
315 283 604 349 Philosophi
626 283 688 332 ad
711 284 963 349 paradoxa
983 283 1088 334 haec
1105 285 1308 349 Physica
1336 290 1352 337 ἓ
1439 295 1593 339 MEL:
1663 292 1846 343 Admi-

92 350 247 396 randa
275 347 440 412 potius
467 347 666 395 censent
689 381 701 401 ,
737 347 890 409 quam
923 347 1225 411 explicanda.
1336 352 1469 409 Varii
1493 357 1679 403 variam
1703 370 1845 419 expe-

88 410 273 459 rientiae
291 411 432 467 hujus
451 409 667 474 analyfin
686 410 914 459 afferunt.
1016 410 1064 459 V
1071 412 1227 474 eritati
1249 414 1424 463 melius
1445 417 1607 471 litant,
1636 419 1721 479 qui
1741 433 1842 466 cer-

88 484 194 521 tam
218 474 437 522 fulminis
468 474 743 537 agnoscunt
772 473 984 538 speciem
1001 505 1014 526 ‚
1048 473 1264 519 lmmzdam
1284 478 1339 523 esf
1363 478 1665 526 terebrantem,
1718 482 1840 528 Haec

87 536 309 585 conflata
323 569 337 590 ‚
358 535 392 586 fi
411 549 582 585 tamen
601 535 843 587 conflata,
869 540 919 586 δε
938 551 1046 584 non
1065 533 1234 601 potius
1258 541 1449 588 extensa
1469 557 1556 605 per
1574 545 1837 591 materiam

85 596 444 649 subtilissimam
461 633 474 654 ‚
504 595 801 662 summeque
830 599 1121 648 rarefastam
1139 631 1152 652 ‚
1176 614 1333 663 poros
1362 602 1564 653 innoxie
1586 618 1834 669 permeat,

86 668 245 724 usque
268 663 392 711 dum
420 666 646 726 corporis
670 661 928 717 cujusdam
949 661 1162 710 soliditas
1184 678 1414 727 opponat
1440 666 1641 716 obicem
1668 686 1678 715 :
1724 682 1836 716 tum

82 726 222 773 enim
237 723 359 775 vero
381 722 464 783 [ut
483 721 611 774 belle
634 722 991 788 Philosophus]
1015 725 1192 773 fortius
1220 726 1461 790 applicata
1487 731 1556 776 vis
1586 731 1833 785 fulminis,
1865 743 1969 800 L.3.
1985 760 2018 791 c.
2033 757 2074 797 Ι.

78 786 343 850 paululum
368 799 676 839 remoratur,
698 789 748 835 ὅ(
768 786 920 834 haeret
939 789 989 837 in
1004 787 1184 842 denso,
1220 790 1392 851 sicque
1410 790 1835 845 inhaerendo‚vin1

80 848 426 897 vehementius
448 863 648 896 exerens
663 881 676 901 ‚
707 845 963 898 obstacula
984 851 1062 898 vel
1084 850 1304 902 omnino
1329 853 1553 907 absumit,
1568 856 1647 903 vel
1664 855 1833 904 saltem

78 912 286 960 vindicis
305 910 525 960 flammae
547 912 698 959 inurit
722 912 1028 977 probrosum
1045 910 1220 977 stigma
1243 933 1252 962 :
1300 914 1452 964 habes
1474 917 1760 980 analogiam
1782 919 1835 966 in

76 973 351 1035 aquatfotti
373 1008 386 1027 ‚
411 990 533 1023 cerae
557 976 740 1039 parcit,
772 971 996 1038 furitque
1022 978 1075 1025 in
1096 979 1298 1026 metalla
1319 977 1595 1033 durissima,
1617 995 1725 1042 quae
1746 979 1834 1028 clis-

74 1035 238 1085 solvit.
338 1037 469 1085 Illud
484 1070 497 1090 ‚
522 1036 666 1098 quod
685 1037 747 1085 de
768 1039 901 1087 foetu
921 1040 1151 1088 humano
1173 1041 1430 1091 addideras
1444 1076 1457 1095 ‚
1486 1058 1595 1091 non
1617 1055 1721 1091 tam
1740 1042 1833 1091 ful-

72 1101 228 1210 minis
256 1097 409 1162 quam
431 1099 652 1148 fulminis
674 1102 878 1152 terrori,
907 1105 1271 1151 communiore
1294 1105 1491 1154 calculo
1507 1137 1519 1159 ‚
1550 1105 1834 1154 adscribunt

72 1162 185 1212 Aut
223 1177 352 1210 ores,

200 1226 397 1278 LEUC:
466 1223 717 1288 Equidem
744 1224 1056 1288 persuaderes
1071 1260 1083 1281 ,
1105 1226 1301 1276 fulmen
1323 1227 1670 1279 vehementius
1689 1231 1831 1282 desae-

71 1289 177 1338 vire
198 1289 250 1336 in
271 1290 394 1338 dura
421 1303 663 1352 corpora,
697 1290 812 1350 quia
831 1289 1111 1338 obnitentia
1134 1306 1147 1342 ς
1185 1289 1340 1352 quam
1358 1295 1410 1340 in
1432 1293 1605 1341 mollia
1635 1326 1649 1347 ‚
1684 1292 1830 1344 facile

68 1351 347 1415 perviamifi
358 1353 670 1400 contrarium
691 1352 1029 1413 experimenta
1041 1352 1253 1415 plurima
1265 1351 1680 1404 demonstrarent.
1717 1358 1827 1407 Au-

68 1413 189 1463 thor
208 1416 357 1464 nobis
381 1411 450 1462 est
470 1412 731 1467 Schottus‚
750 1414 1007 1467 Panormi,
1027 1429 1165 1463 anno
1189 1414 1216 1463 a
1238 1429 1459 1480 reparata
1482 1419 1648 1466 Salute
1669 1421 1826 1468 mille-

65 1476 198 1527 fimo
220 1476 576 1527 sexcentesimo
596 1475 848 1540 trigesimo
873 1475 1085 1539 septimo
1100 1511 1113 1528 ,
1150 1474 1307 1527 vestes
1331 1478 1357 1527 a
1380 1479 1593 1529 fulmine
1621 1482 1822 1530 cuidam

63 1540 363 1605 absumptas,
385 1555 602 1604 corpore
627 1541 842 1602 integro.
910 1540 1095 1588 Plinius
1123 1538 1279 1588 fidem
1302 1545 1612 1606 oppignerat,
1633 1543 1826 1592 absum-
1851 1548 2060 1608 L.2.c.51

63 1616 210 1668 ptum
234 1604 545 1666 quandoque
573 1604 746 1652 vinum
765 1604 816 1650 in
833 1601 1001 1657 dolio,
1024 1603 1167 1652 dolio
1185 1604 1380 1668 prorsus
1399 1605 1604 1654 intasto.
1673 1608 1824 1656 Sene·

63 1681 133 1714 cae
165 1664 343 1715 contra
366 1665 399 1713 fi
422 1666 671 1714 credimus
693 1698 707 1719 ‚
733 1663 938 1714 effrafiffi
961 1699 975 1719 ‚
1000 1663 1379 1730 combustoque
1404 1683 1515 1718 non
1537 1668 1688 1717 semel
1710 1670 1821 1720 vase

63 1730 242 1778 vinum
261 1725 388 1777 stetit
405 1728 606 1777 illaesum
621 1761 634 1782 ‚
656 1729 772 1791 quia
796 1726 952 1778 subita
971 1726 1147 1783 crusta,
1161 1731 1314 1779 veluti
1334 1729 1522 1781 viscosa
1543 1732 1670 1796 pelle
1683 1731 1711 1781 a
1724 1732 1818 1782 ful-

62 1793 202 1839 mine
220 1824 233 1845 ,
257 1792 469 1840 doliario
489 1787 636 1856 plane
659 1791 896 1846 mirabili,
922 1789 1247 1842 obvolutum.
1332 1795 1488 1840 MEL:
1556 1797 1607 1844 N
1612 1811 1648 1843 ae
1662 1808 1717 1844 tu
1734 1811 1818 1845 ve-

61 1853 328 1902 hementer
347 1855 582 1918 deciperis
597 1887 610 1909 ‚
638 1853 672 1903 fi
694 1855 755 1903 ab
775 1854 964 1904 eodem
977 1855 1189 1904 fulmine
1210 1854 1412 1906 effestus
1429 1855 1636 1905 metiar-e
1650 1860 1715 1907 ita
1727 1874 1815 1923 op-

60 1915 268 1980 positos.
368 1917 509 1968 Unus
532 1930 677 1966 tonat
703 1921 753 1966 in
772 1918 931 1967 Coelo
948 1920 1166 1982 Jupiter,
1194 1935 1290 1967 nec
1312 1935 1466 1967 unam
1486 1933 1659 1969 tamen
1677 1924 1817 1971 cudit

60 1980 285 2028 fulminis
305 1978 533 2043 speciem.
614 1982 768 2029 Nunc
793 1981 889 2030 ales
909 1986 1153 2046 armigera
1166 1979 1408 2030 ministrat
1426 1982 1621 2034 fulmen
1633 1986 1810 2036 clarum,

61 2044 119 2090 Θ·
141 2058 279 2094 urens,
305 2041 448 2104 quod
478 2040 631 2100 (teste
650 2042 871 2098 Seneca)
900 2044 1059 2109 magis
1076 2047 1282 2108 igneum
1303 2077 1315 2099 ‚
1344 2061 1588 2110 corpora,
1611 2062 1720 2110 quae
1743 2060 1812 2097 at-

58 2106 230 2168 tingit,
253 2105 332 2154 vel
355 2103 576 2154 afflando
606 2109 909 2171 corrumpit,
938 2109 1016 2155 vel
1045 2107 1414 2157 inflammando
1441 2110 1722 2163 comburit3
1758 2114 1812 2162 ὃς

59 2166 184 2216 cum
203 2163 399 2216 constet
416 2166 761 2233 inateria,picis
777 2167 940 2223 instar,
955 2167 1457 2233 viscosa,pertinacius
1471 2171 1687 2221 adhaeret
1700 2189 1810 2223 cor-

59 2232 173 2295 pori
192 2262 206 2282 ,
236 2229 404 2279 donec
424 2230 644 2281 omnino
663 2231 785 2281 illud
807 2232 1088 2281 inflammet
1111 2251 1121 2280 :
1167 2234 1283 2282 hinc
1306 2231 1572 2300 absumptis
1593 2233 1815 2286 vestibus-

60 2293 312 2343 debilitata
328 2295 402 2342 vis
423 2293 614 2343 tardior
628 2326 641 2347 ,
671 2309 733 2342 ne
754 2294 953 2344 ulterius
973 2297 1370 2360 progrederetur.
1439 2301 1595 2348 Nunc
1614 2300 1806 2348 fulmen

60 2355 234 2411 offert,
265 2356 409 2419 quod
430 2356 640 2406 diximus
655 2389 668 2408 ‚
701 2356 919 2404 terebrans
940 2380 959 2412 ,·
992 2358 1096 2407 hoc
1112 2362 1306 2408 raritate
1326 2357 1410 2410 sua
1421 2377 1509 2426 per
1534 2362 1653 2426 ligni
1674 2375 1806 2409 mea-

60 2429 162 2474 tm,
187 2419 383 2468 lubrico
405 2418 607 2469 tranfitu
623 2420 846 2485 illapsum
860 2454 873 2475 ,
892 2420 1200 2471 subtiliffimis
1220 2423 1460 2488 spiritibus
1483 2426 1659 2476 vinum
1681 2437 1805 2470 mox

61 2495 219 2531 omne
239 2494 464 2548 permeat
478 2513 491 2536 ‚
522 2499 580 2531 ac
603 2483 784 2532 ardore
801 2485 1087 2535 immodico
1101 2487 1150 2536 in
1170 2485 1479 2536 tenuiffimos
1499 2486 1711 2535 dissolvit
1721 2499 1805 2532 vac

63 2556 205 2607 potes
219 2578 233 2602 ‚
256 2547 341 2610 qui
359 2547 509 2612 proin
527 2549 577 2598 &
593 2544 678 2612 ipfi
694 2561 784 2612 per
801 2546 924 2666 vasg
943 2563 1099 2612 poros
1114 2583 1127 2605 ‚
1155 2550 1357 2608 trajectu
1384 2551 1473 2601 illo
1498 2550 1711 2598 flammae
1741 2545 1806 2595 la-

958 2624 986 2657 2
1582 2622 1738 2662 xatoss
