2175 2911
93 996 137 1041 in
149 995 232 1042 lde
243 997 313 1040 Se-

90 1061 216 1104 crett>s
237 1059 291 1102 ad

95 1121 229 1168 Alex.

304 2147 308 2150 Δ
353 2083 592 2133 nondum
611 2085 703 2134 sese
724 2086 833 2136 finit
855 2089 1061 2142 utilitas:
1097 2104 1217 2152 cape
1247 2090 1423 2138 tubam
1445 2090 1853 2142 Morlandicam‚
1873 2092 1925 2139 &
1955 2091 2101 2139 unius

408 111 498 146 100
957 99 1091 161 sayna
1116 108 1246 162 atque
1275 95 1521 161 Charybdis.

336 203 449 241 tore
468 190 725 254 quodam,
743 205 805 242 ex
827 192 1088 247 Panthoto
1109 197 1321 249 Medico
1337 197 1436 263 fflse
1457 195 1584 248 mihi
1605 208 1892 247 narraveras
1905 228 1919 252 ,
1938 197 2076 250 illum
2148 219 2173 254 η

336 256 389 303 in
415 269 685 326 campana,
702 254 759 305 ut
784 272 998 314 vocant,
1030 263 1327 317 minatoria,
1352 262 1481 312 infra
1503 276 1654 326 aquas
1688 258 1980 316 demissum,
1999 277 2079 311 ve-

336 330 597 367 natorium
629 317 814 369 inflasse
835 337 1024 376 cornu,
1054 325 1134 373 sed
1166 325 1236 373 ob
1262 328 1570 379 immanem,
1592 342 1651 374 ex
1680 325 1920 374 omnibus
1950 340 2084 373 cam-

338 397 477 447 panae
500 381 692 446 punctis
715 384 966 448 repulsum
1006 384 1290 452 strepitum,
1319 386 1456 437 illico
1488 390 1728 452 vertigine
1765 391 1817 439 &
1857 387 2088 437 surditate

338 457 650 508 correptum.
747 448 889 513 Qid
911 449 1077 499 dicam
1104 451 1166 499 de
1198 451 1326 500 tubo
1357 447 1604 505 acustico,
1633 452 1719 511 qui
1745 453 1895 499 etiam
1927 450 2089 499 surda-

339 503 443 557 stris
466 520 766 574 tympanum
794 511 948 574 pulsat
971 546 984 566 ,
1018 511 1337 579 sopitumque
1366 515 1543 562 excitat
1583 515 1840 564 auditum?
1875 513 1997 577 quid
2026 513 2091 562 de

338 571 521 635 speculi
546 573 812 637 parabolici
838 574 982 630 foco,
1002 579 1054 626 in
1077 593 1230 641 quem
1252 577 1421 626 sonori
1452 577 1570 635 radii
1592 575 1657 625 fic
1676 589 2011 629 concurrunt,
2031 588 2087 625 ut

340 649 432 683 ore
453 634 620 684 eidem
651 637 917 701 oppolito,
944 656 1131 689 vocem
1161 641 1336 690 reddat
1361 642 1710 690 Stentoream?
1746 640 1867 704 quid
1897 640 1959 688 de
1987 639 2089 704 spe-

339 697 524 754 cubus,
554 696 771 750 cisternis
793 735 807 756 ,
837 705 968 752 cavis
995 704 1198 753 Musica:
1225 701 1591 753 instrumentis?
1627 704 1748 767 quid
1776 704 1837 753 de
1872 704 2004 752 scalis
2037 704 2089 751 in

339 760 608 811 cochleam
629 765 1071 818 circumeuntibus,
1094 768 1216 830 quid
1242 768 1304 816 de
1331 781 1578 833 tympano
1605 783 1766 832 prope
1798 766 1931 815 urbis
1959 780 2094 814 moe-

337 825 421 873 nia
444 824 668 890 pulsato?
701 829 753 875 in
779 830 958 891 quibus
988 830 1251 886 omnibus,
1278 831 1489 880 mirabili
1519 844 1703 879 naturae
1734 830 1885 884 ludo,
1905 828 1969 877 sic
1996 828 2110 877 sese-

339 903 495 938 voces
519 890 815 945 intendunt,
832 905 886 940 ut
905 893 1234 948 Auditorem,
1257 894 1343 943 nisi
1359 894 1740 959 Philosophum,
1763 896 1813 942 in
1833 890 2094 958 stuporem
2120 914 2123 917 1
2154 911 2157 941 ÷

341 949 527 1001 merito
548 956 754 1018 rapiant.
823 956 922 1004 Sed
954 960 1151 1006 minora
1174 957 1281 1006 sunt
1301 955 1412 1011 ista,
1438 957 1593 1021 quam
1627 971 1681 1005 ut
1703 969 1949 1005 moveant
1972 956 2097 1019 peri-

341 1025 422 1063 tos
441 1014 652 1079 Phyficae
666 1017 919 1066 Cultores.
988 1022 1269 1083 Stagiritam
1301 1037 1464 1069 cornu
1487 1021 1740 1076 cujusdam
1773 1021 2098 1066 mentionem

341 1076 508 1126 facere
535 1079 826 1142 perhibent,
847 1096 953 1141 quo
977 1083 1153 1129 inflato
1186 1084 1387 1130 Pellaeus
1417 1085 1583 1131 Heros
1612 1083 1911 1130 exercitum,
1943 1079 2097 1128 Orbis

342 1140 657 1187 domitorem
674 1173 689 1193 ,
710 1141 773 1188 ad
798 1144 956 1189 multa
989 1140 1139 1190 stadia
1162 1144 1428 1207 dispersum
1444 1177 1456 1198 ,
1483 1144 1582 1194 five
1615 1145 1898 1208 collegerit,
1919 1142 2017 1192 five
2044 1144 2099 1191 in

343 1204 502 1248 aciem
532 1201 821 1265 dispositum
850 1204 913 1251 ad
933 1205 1217 1270 triumphos
1249 1205 1313 1255 fic
1341 1204 1599 1261 animarit,
1619 1223 1675 1256 ac
1699 1206 1734 1256 s1
1764 1206 1983 1270 fingulos
2004 1208 2100 1253 mi-

342 1264 488 1312 litum
511 1264 716 1328 praesens
738 1266 1095 1329 alloqueretur.
1180 1270 1278 1318 Sed
1307 1268 1463 1319 fidem
1494 1270 1878 1335 propemodum
1905 1269 1955 1318 su
1995 1280 2097 1317 erat

344 1327 609 1376 Morlandi
627 1327 765 1380 tuba,
796 1344 952 1391 quam
981 1347 1091 1379 non
1125 1331 1212 1380 nifi
1236 1349 1330 1396 pro
1359 1335 1509 1382 Fama
1542 1333 1832 1384 confestam
1855 1348 1934 1381 cre
1976 1347 2099 1386 eres,

344 1402 401 1438 ut
422 1405 608 1455 nempe
633 1390 911 1454 gloriosum
938 1393 1187 1442 Authoris
1211 1410 1433 1450 nomen,
1455 1409 1624 1446 totum
1656 1412 1744 1460 per
1774 1396 1956 1444 orbem
1982 1395 2101 1443 faci·

345 1451 438 1500 lius
460 1452 523 1501 fic
551 1452 841 1517 divulgaret.
911 1458 1045 1504 Tam
1069 1457 1362 1521 prodigioso
1385 1459 1596 1508 artificio
1624 1459 1730 1508 haec
1763 1458 1884 1507 tuba
1912 1459 2099 1507 sonum

346 1516 586 1570 intendit,
607 1528 662 1564 ut
679 1517 1034 1568 Architalaffus
1054 1525 1136 1568 sua
1158 1522 1370 1585 Imperia
1393 1523 1457 1571 ad
1477 1525 1726 1587 integram
1748 1521 1947 1571 claffem
1962 1555 1975 1576 ,
1996 1521 2100 1570 abss

346 1593 446 1639 que
476 1578 722 1637 emissariis
741 1580 944 1637 lembis,
963 1584 1014 1630 in
1043 1598 1317 1633 momento
1337 1585 1665 1635 diffunderet:
1702 1598 1758 1634 ut
1777 1584 2101 1649 civitas,pres-

347 1642 389 1689 12³
417 1640 712 1694 obsidione,
738 1646 961 1693 amicum
989 1648 1288 1702 exercitum,
1316 1649 1380 1696 de
1402 1648 1709 1698 maturandis
1740 1649 1992 1711 suppetiis,
2012 1663 2100 1711 per

347 1702 483 1767 ligna
508 1703 670 1754 subito
697 1707 958 1763 edoceret,
980 1710 1117 1766 cujus
1139 1709 1325 1774 insigne
1346 1711 1595 1775 specimen
1614 1710 1751 1759 dedit
1769 1711 1946 1758 ultima
1968 1711 2105 1760 urbis

351 1769 580 1830 Tangcr,
600 1770 652 1816 in
676 1769 851 1820 Africa
878 1771 1002 1826 fitae,
1027 1772 1253 1826 obsidio,
1276 1774 1361 1822 ubi
1380 1774 1571 1823 rescisso
1601 1774 1662 1822 ab
1692 1769 1918 1822 hostibus
1937 1773 2102 1829 vallo,

352 1828 472 1879 cum
485 1832 773 1882 interclusus
786 1835 838 1882 in
857 1835 1037 1883 urbem
1064 1835 1180 1884 effet
1200 1838 1384 1892 nuntiis
1405 1837 1563 1892 aditus
1577 1870 1592 1892 ,
1611 1849 1820 1899 uterque
1842 1848 1949 1884 tam
1967 1838 2103 1899 valli,

350 1891 507 1955 quam
544 1897 849 1945 munimenti
876 1899 1165 1953 Praefectus,
1189 1915 1276 1964 per
1306 1900 1550 1956 ejusmodi
1582 1900 1723 1949 tubas
1743 1932 1757 1953 ,
1791 1898 1854 1947 de
1882 1898 2098 1950 ferendo

350 1956 568 2027 ,subsidio
582 1991 594 2013 ,
624 1957 822 2022 eiusque
841 1962 1008 2010 modo
1031 1966 1080 2012 ὅ(
1101 1976 1334 2027 tempore
1354 1964 1798 2026 colloquebantur,
1817 1965 1867 2014 ὃς
1889 1962 2100 2025 quidem

353 2019 598 2070 idiomate
619 2022 844 2088 Anglico
860 2058 873 2079 ,
896 2023 923 2073 a
944 2027 1135 2074 Mauris
1148 2023 1371 2074 hostibus
1385 2043 1494 2075 non
1518 2025 1793 2075 intellectO.
1887 2026 1990 2076 Sed
2019 2025 2106 2076 hic

354 2144 480 2198 litui,
494 2147 665 2217 *eidem
686 2149 871 2203 inserti,
894 2152 1131 2216 clangore
1152 2155 1508 2202 imminentem
1532 2154 1802 2202 exercitum
1821 2151 2072 2202 simulabis
2088 2136 2137 2203 :⁹c

356 2208 572 2258 modico
592 2210 794 2276 sclopo,
824 2216 950 2264 intra
970 2217 1097 2265 illius
1120 2217 1384 2265 cavitatem
1405 2229 1709 2269 exonerato,
1727 2228 1983 2265 tormenta
2002 2217 2108 2266 bel-

358 2270 452 2321 lica
473 2274 799 2323 aemulaberis.
867 2278 989 2327 Infla
1013 2278 1151 2329 hunc
1174 2281 1382 2335 lituum,
1404 2283 1454 2330 ὃ(
1477 2279 1680 2345 dispersa
1700 2280 1828 2327 inter
1851 2281 2100 2343 procellas

358 2337 553 2399 navigia
572 2350 749 2385 contra
768 2340 1109 2405 naufragium:
1146 2343 1367 2391 militum
1389 2359 1603 2394 cuneos,
1625 2344 1677 2390 in
1696 2342 1909 2390 tenebris
1937 2344 2105 2405 palan·

359 2409 467 2472 tes,
484 2412 661 2448 contra
684 2397 886 2450 hostiles
916 2404 1139 2461 affultus,
1164 2406 1375 2455 consilio
1398 2410 1449 2457 ὅ(
1475 2421 1577 2472 ope
1604 2416 1765 2458 tutus,
1782 2408 2100 2469 praemunies.

360 2460 482 2510 Imo
506 2462 699 2533 utilitati
720 2478 886 2533 neque
909 2465 1042 2516 deest
1063 2469 1364 2526 jucunditas:
1399 2471 1562 2535 plures
1583 2468 1827 2537 ejusmodi
1857 2468 2000 2517 tubas
2031 2471 2104 2518 in-

360 2522 482 2578 flare
502 2523 648 2580 simul
667 2529 702 2578 11
717 2527 910 2587 iubeas,
928 2531 1216 2585 Martialem
1234 2533 1506 2591 musicam,
1527 2528 1557 2585 ὲ
1573 2531 1739 2584 dissitis
1758 2532 2017 2643 locoruml
2029 2533 2106 2583 in-

1862 2607 1998 2646 terva
2017 2624 2040 2633 -

2166 2611 2168 2631 ⁴*
2163 2533 2168 2597 *ῳ
2163 2423 2170 2526 ῃ,-

2166 2634 2168 2673 l
