2242 2911
451 118 511 167 14
961 106 1230 167 Maufhlaeum
1264 108 1618 171 Peripateticum.

382 216 490 252 tam
510 199 769 268 copiosos,
789 212 845 253 ut
864 200 1125 253 affluerent
1147 203 1352 270 opibus:
1389 218 1497 256 tam
1530 202 1667 257 fam&
1689 201 1907 256 celebres
1929 238 1941 257 ,
1977 216 2033 255 ut
2054 214 2160 256 arte

385 265 583 316 medica
606 265 871 320 florerent,
909 267 1209 317 Machaonis
1231 268 1263 318 si
1285 284 1395 319 non
1421 272 1613 334 agnati,
1648 265 1782 319 certe
1802 269 1992 319 aemuli:
2037 267 2159 318 hinc

386 326 482 383 est,
507 342 560 378 ut
583 332 634 379 &
661 329 786 379 filius
810 331 1059 380 elementa
1082 332 1218 380 Artis
1240 335 1509 398 acciperet,
1535 333 1698 382 dicere
1717 332 1908 382 solitus:
1961 333 2156 378 Medicus

376 393 471 451 sum
487 430 497 443 ,
520 405 568 438 ut
596 395 652 440 (9⁸
669 398 814 440 amicis
838 399 939 441 metit
952 393 1136 455 prodesse
1152 395 1311 456 poffim.
1390 396 1548 445 Subin
1573 398 1737 445 varios
1749 394 1861 445 lufit
1887 393 2015 444 lusus
2037 409 2161 442 cum

382 452 661 506 Aristotele
691 457 909 506 fortuna.
1011 459 1239 507 Primum
1268 460 1478 515 juventae
1513 459 1726 512 florem,
1756 458 1812 508 ut
1841 458 1965 507 solet
1989 491 2002 512 ,
2030 460 2160 506 inter

389 520 671 584 voluptates
689 522 872 569 attrivit
887 554 898 573 ,
920 523 1204 585 patrimonii
1227 521 1325 587 spes
1349 525 1476 571 inter
1500 521 1666 588 epulas
1688 521 1904 576 decoxit,
1924 518 2160 586 pessimus

389 581 504 635 libi,
529 585 643 645 quia
665 580 798 632 male
828 583 1067 649 providus
1091 584 1339 634 medicus:
1376 585 1494 634 hinc
1521 601 1694 634 rerum
1711 587 1950 634 omnium
1968 584 2159 647 inopia,

390 647 473 758 {pi
497 647 770 702 sarciendae,
793 647 878 696 sub
897 647 1066 698 ferreo
1088 651 1255 699 Marte
1269 683 1283 704 ,
1309 662 1540 717 argentea
1562 650 1761 715 cogitur
1782 649 1964 697 mereri
1983 642 2164 711 stipen-

446 725 487 758 a.

519 773 715 824 LEUC:
784 774 1088 824 Dolendum
1113 777 1397 834 Juventutis
1425 776 1530 826 hoc
1567 776 1733 826 fatum
1763 777 1927 828 aiunt,
1960 785 2015 822 ut
2043 773 2165 830 ejus-

391 837 539 885 modi
572 851 683 885 ruat
707 840 759 886 in
788 841 1078 904 praecipitia:
1134 842 1185 890 ὅς
1223 838 1393 889 nostra
1419 853 1655 905 tempora
1686 855 1796 888 non
1823 835 1938 887 raro
1966 834 2166 901 stupent

391 916 728 965 praeproperas
759 901 1195 967 metamorphoses
1214 936 1227 955 ,
1253 904 1318 952 de
1352 903 1534 968 quibus
1561 899 1774 952 minime
1804 897 1918 951 fiere
1947 899 2164 950 Ovidius

391 976 615 1012 caneret:
667 964 793 1026 qudm
807 964 948 1021 subit&
974 967 1119 1017 miles,
1143 969 1217 1030 qui
1240 968 1394 1028 Sophus
1415 965 1638 1026 antefuit.
1722 967 1782 1015 Et
1811 979 1967 1028 quam
1996 965 2164 1031 incar}-

390 1028 591 1076 tationis
613 1027 721 1091 plus
745 1027 899 1091 quam
923 1029 1110 1078 Circeae
1132 1029 1330 1079 causam
1354 1029 1588 1094 assignas?
1652 1032 1809 1076 MEL:
1844 1027 2039 1077 nullam
2063 1026 2168 1074 assi-

388 1105 524 1160 gno:
581 1089 819 1154 assignant
842 1093 1046 1139 Parrum
1078 1093 1283 1140 oracula
1311 1092 1484 1156 passim
1515 1108 1626 1141 non
1653 1107 1836 1140 unam:
1893 1093 1944 1140 ὃς
1966 1091 2082 1152 quia
2103 1088 2168 1137 de

389 1161 473 1201 lua
501 1164 641 1200 aetate
663 1155 979 1202 Sententiam
1006 1153 1200 1208 ferunt,
1228 1154 1328 1202 fine
1366 1155 1567 1218 piaculo
1591 1155 1823 1202 referam.
1926 1154 2167 1206 Primam,

391 1217 555 1269 aiunt,
577 1227 774 1263 aetatcm
795 1214 889 1263 effe
906 1215 1277 1280 improvidam3
1328 1216 1412 1266 sed
1439 1216 1546 1267 haec
1577 1217 1809 1266 ferenda:
1846 1215 2057 1264 alteram
2085 1215 2169 1264 ad-

392 1279 519 1332 dunt
547 1277 887 1326 scandalosam
911 1280 1131 1327 nimium
1158 1279 1468 1334 libertatem,
1489 1282 1569 1328 cui
1603 1283 1835 1329 Parentes
1868 1279 2022 1328 fraena
2056 1294 2170 1327 non

392 1340 607 1395 arebant,
630 1340 714 1389 sed
735 1340 1067 1390 connivendo
1100 1342 1299 1390 laxant:
1344 1344 1426 1391 cui
1445 1343 1717 1393 Curatores
1740 1359 1848 1391 non
1873 1354 2074 1406 ponunt
2097 1357 2171 1390 re-

391 1405 598 1469 pagula,
618 1403 700 1452 sed
719 1403 1032 1467 indulgendo
1054 1403 1272 1454 subdunt
1297 1406 1529 1455 calcaria:
1568 1410 1617 1456 ὅ(
1639 1405 1981 1469 quidmirum,
2002 1404 2035 1453 si
2058 1419 2169 1454 non

392 1467 450 1516 fit
482 1480 706 1531 pratum,
725 1468 872 1529 quod
898 1482 1008 1515 non
1034 1468 1332 1531 pertranseat
1366 1470 1648 1529 Juventutis
1680 1470 1897 1517 luxuria?
1933 1468 2054 1530 quid
2078 1470 2171 1516 mi-

395 1545 536 1585 tum,
568 1530 712 1593 quod
734 1532 786 1578 in
817 1530 1108 1587 Academijs
1143 1535 1193 1581 δε
1229 1530 1342 1580 suos
1385 1531 1592 1582 subinde
1629 1545 1863 1581 numeret
1886 1531 2172 1596 Discipulos

393 1595 662 1658 Epicurus?
696 1591 778 1642 sed
797 1592 998 1643 ulterius
1026 1593 1192 1642 nolim
1217 1593 1311 1643 effe
1334 1596 1598 1661 interpres,
1620 1611 1684 1644 ne
1708 1594 1888 1644 contra
1906 1593 2061 1657 quam
2079 1595 2171 1643 ob-

394 1655 691 1707 stinaveram
711 1658 968 1711 animum,
997 1660 1211 1706 amarius
1236 1658 1505 1708 verbulum
1526 1661 1607 1709 vel
1629 1661 1791 1709 invito
1817 1660 2060 1723 exprimat
2079 1657 2172 1707 do-

390 1723 489 1772 lor.
589 1721 796 1773 Utinam
827 1719 1119 1785 Philosophi
1149 1718 1222 1772 isti
1252 1722 1571 1786 sequerentur
1594 1720 1962 1785 Philosophum
1985 1754 1998 1775 ,
2027 1719 2175 1770 Chri-

392 1782 533 1835 stiani
557 1784 853 1837 Ethnicum,
879 1786 967 1848 qui
991 1783 1223 1849 desipuit,
1248 1785 1329 1835 sed
1355 1789 1404 1836 ὃς
1431 1778 1629 1851 resipuit
1652 1787 1867 1843 juvenis:
1920 1800 2041 1833 nam
2070 1783 2175 1833 bei-

395 1850 503 1898 lum
528 1847 652 1901 dum
670 1846 913 1895 infelicius
936 1848 1150 1899 caderet,
1170 1849 1404 1914 Delphos
1426 1847 1628 1903 transiit,
1649 1848 1735 1899 ubi
1756 1849 1817 1898 ab
1833 1848 2045 1896 oraculo
2067 1863 2174 1912 per-

389 1911 577 1963 fitasus,
603 1908 757 1963 castra
790 1911 994 1965 schoiis,
1024 1911 1215 1965 ‚ferrum
1244 1914 1445 1963 calamo
1476 1925 1721 1966 mutaret,
1757 1914 1933 1961 Marte·
1960 1911 2171 1963 scilicet,

396 1975 666 2026 delicatum
686 1973 823 2027 hunc
849 1974 1066 2028 militem
1092 1974 1358 2027 aversante.
1459 1977 1596 2041 Ergo
1623 1990 1785 2025 annos
1817 1974 2168 2039 duodeviginti

395 2051 537 2089 natus
552 2071 565 2091 ,
585 2036 812 2086 Athenas
835 2040 1038 2109 migrat,
1058 2035 1298 2102 totusque
1320 2041 1373 2088 in
1392 2039 1596 2092 Philoso
1634 2038 1772 2087 hiam
1794 2038 2012 2086 intentus
2025 2068 2039 2092 ,
2061 2038 2169 2086 Pla-

392 2102 504 2149 toni
529 2096 889 2149 instituendum
904 2106 951 2149 -1e
980 2101 1155 2159 tradit,
1179 2114 1329 2166 atque
1358 2101 1500 2152 hune
1520 2105 1572 2152 in
1611 2098 1762 2151 efessfi⁴
1789 2097 2051 2154 industria,
2079 2114 2166 2149 an-

392 2178 489 2216 nos
513 2160 669 2215 audiit
693 2161 912 2213 omnino
938 2166 1125 2228 viginti.
1228 2162 1391 2214 Obstu
1431 2167 1593 2215 escant
1622 2163 1705 2215 hic
1736 2161 2170 2227 Philosophorum

395 2239 474 2276 tot
495 2227 661 2275 inania·
680 2227 892 2274 nomina
908 2260 920 2280 ,
941 2242 1050 2290 quae
1075 2229 1360 2292 Peripatum
1407 2231 1557 2279 u'leire
1585 2228 1629 2279 se
1652 2239 1941 2279 autumant,
1964 2225 2054 2276 suo
2085 2243 2167 2276 ro-

390 2290 523 2341 ssbore
545 2288 774 2338 Atlantes
789 2321 802 2341 ,
828 2288 951 2338 dum
974 2294 1216 2355 temporis
1238 2289 1371 2341 male
1394 2294 1553 2342 feriati
1582 2291 1730 2341 horas
1761 2290 1982 2351 aliquot,
2005 2291 2057 2338 in
2076 2292 2170 2339 La-

394 2354 470 2402 tio
492 2363 774 2418 gtaecante8›
790 2352 1131 2407 comburunt3
1169 2357 1218 2405 ὃς
1243 2367 1416 2407 tamen
1434 2357 1496 2406 ad
1517 2351 1684 2409 cursus
1708 2351 2041 2418 philosophici
2063 2368 2170 2402 me·-

387 2428 530 2469 ram,
549 2414 845 2480 epomidem
868 2414 1171 2479 exspestant,
1194 2433 1259 2470 an
1290 2432 1344 2474 ut
1369 2421 1590 2483 lacerem
1617 2416 1882 2476 omeliarii,
1899 2430 1967 2469 an
1998 2428 2056 2466 ut
2082 2431 2170 2467 or-

392 2489 522 2535 nent
540 2476 698 2545 Sophi
708 2510 725 2537 ,
753 2492 864 2531 non
884 2477 1109 2531 dixerim,

1901 2604 2104 2667 LEUQ
