2175 2911
613 111 746 172 Scylla
778 121 906 177 arque
941 109 1181 175 Charybdis.
1291 106 1294 107 ⁷
1635 126 1723 174 105·

0 223 5 262 ε
37 223 214 259 careo:
250 206 483 272 saepe.per
501 201 762 251 transitum
794 202 1047 258 auscult0‚
1073 207 1122 252 δί
1153 203 1329 253 ultima
1359 204 1502 256 furor
1532 206 1792 256 clamantis

0 286 8 324 ἱ
40 273 192 322 verba
207 289 216 320 :
233 270 368 320 ‘hine
392 268 621 316 sermone
642 261 775 313 male
802 278 1032 330 accepto,
1047 264 1184 330 pejus
1205 269 1438 318 mutilato
1456 303 1468 324 ,
1488 266 1795 334 pessimessque

0 333 8 366 ἶ
42 335 236 385 inverso
268 332 388 395 saepe
408 328 580 378 ludere
602 327 760 379 suevi,
782 341 935 392 atque
955 330 1179 377 illudere.
1264 331 1383 387 Casm
1402 335 1501 378 vita·
1525 333 1556 381 fi
1590 333 1708 382 scire
1727 330 1797 380 est

6 440 7 445 ,
41 401 257 449 animus,
288 394 561 441 innumeris
586 392 694 440 sum
721 391 962 449 subjecta:
1000 408 1121 440 nam
1140 393 1262 456 saepe
1285 395 1456 442 incido
1475 397 1526 443 in
1544 410 1794 448 cavernas,

43 476 179 511 nunc
202 457 402 518 rupibus
423 456 604 503 allidor
622 488 635 509 ‚
658 471 795 504 nunc
830 471 917 520 per
942 455 1050 504 saxa
1075 458 1382 521 praecipitor:
1429 458 1511 506 sed
1545 474 1654 521 quae
1686 475 1801 508 mea

0 545 9 574 ,ι-
42 522 111 573 est
142 526 194 571 in
230 519 381 569 isthac
410 519 698 566 infelicitate
731 519 964 567 felicitas:
1027 517 1148 567 cum
1192 522 1320 568 inter
1352 520 1503 568 silices
1539 523 1797 570 confracta

0 600 227 635 &corruo
249 616 262 638 ,
293 582 434 630 illaesa
467 581 644 646 surgo:
700 580 820 630 curn
853 584 978 630 intet
1013 594 1175 646 petras
1214 583 1434 647 percuffa
1462 588 1658 646 quatior
1683 622 1698 636 ‚
1733 586 1803 634 nil

7 654 10 660 '
40 646 366 697 incommodi
384 647 546 710 patior
578 662 588 691 :
626 642 746 692 cum
768 645 992 694 cautibus
1017 657 1244 708 truncata
1281 645 1458 695 dissilio
1483 681 1496 701 ,
1531 651 1717 713 integra
1736 662 1804 697 ta-

34 726 157 760 men
190 724 498 775 permaneo:
549 704 659 756 imo
684 740 697 760 ‚
733 707 894 756 fractis
927 710 1058 756 inter
1090 708 1325 773 scopulos
1360 710 1571 764 viribus,
1603 712 1804 760 resumo

36 776 191 822 vires:
238 774 366 821 inter
388 771 491 820 saxa
516 769 641 818 dum
673 773 873 819 morior
898 805 911 825 ,
948 774 1090 820 orior
1122 806 1135 827 ‚
1173 777 1224 823 &
1262 775 1314 821 in
1347 786 1427 821 tot
1456 774 1642 824 casibus
1679 791 1804 823 nun-

35 853 193 900 quam
214 834 406 899 penitus
433 833 685 887 concido,
722 834 802 881 sed
826 835 1048 884 rediviva
1075 836 1270 900 semper
1292 852 1378 902 per
1406 839 1635 887 iteratam
1658 838 1803 902 surgo

38 897 290 948 anastasin.
358 900 432 944 De
454 895 699 943 mantibus
719 899 970 946 rationem
992 898 1026 946 fi
1048 902 1207 963 petitis
1226 934 1239 954 ‚
1275 916 1386 949 non
1405 917 1489 949 me
1511 902 1664 950 laudo
1682 921 1691 948 :
1711 905 1805 949 vir-

36 975 198 1010 tutem
218 959 302 1009 etfi
321 960 516 1008 nullam
543 959 808 1014 haberem,
844 962 1016 1009 {altem
1041 965 1264 1012 facerent
1287 964 1419 1013 Zoili
1440 998 1452 1018 ‚
1489 977 1545 1013 ut
1562 964 1805 1012 haberem

13 1037 121 1073 ·tot
155 1026 281 1072 inter
326 1023 601 1087 opprobria
637 1025 943 1087 patientiam.
1055 1029 1211 1076 Nunc
1240 1029 1466 1088 garrulam
1493 1027 1802 1077 calumnian-

35 1101 118 1136 tur
138 1120 151 1142 ‚
187 1099 299 1136 utut
317 1087 498 1148 loquar
510 1100 802 1147 nunquam,
831 1087 919 1135 nisi
946 1089 1169 1149 quaesita:
1200 1102 1456 1150 protervam
1479 1091 1653 1139 dicunt
1675 1123 1688 1145 ‚
1719 1090 1805 1139 etsi

13 1151 129 1200 2fari
149 1165 413 1212 nunquam
450 1148 665 1197 audeam
691 1150 852 1212 prima
882 1162 893 1196 1
927 1150 1225 1208 vagabundam
1258 1152 1470 1201 asserunt
1492 1186 1505 1207 ,
1542 1164 1654 1200 utut
1687 1153 1806 1201 late-

39 1215 151 1263 bras
170 1228 341 1262 amem
362 1248 375 1262 ,
409 1226 504 1259 nec
535 1210 622 1259 nifi
661 1211 873 1259 solitaria
897 1211 1079 1275 degam
1112 1216 1164 1261 in
1198 1214 1436 1278 speluncis
1463 1232 1473 1262 z
1521 1217 1807 1275 impudentem

38 1277 359 1342 proclamant
382 1308 396 1328 ‚
433 1273 516 1321 etii
538 1274 737 1322 nullum
766 1289 994 1335 unquam
1023 1276 1251 1339 aspiciam
1287 1310 1300 1330 ‚
1335 1293 1430 1326 nec
1461 1277 1553 1326 fim
1577 1293 1806 1340 unquam

19 1340 103 1389 ‘ab
133 1340 239 1387 ullo
259 1337 381 1386 visa:
418 1340 618 1382 tetricam
639 1338 965 1383 criminantur
987 1370 999 1390 ‚
1024 1334 1139 1385 licet
1164 1339 1505 1388 ludibundum
1523 1353 1708 1389 naturae
1731 1342 1806 1398 jo-

15 1400 161 1452 ²cum
185 1427 213 1453 ‚·
235 1394 594 1461 jocantemque
611 1398 792 1447 ludum
817 1431 829 1452 ‚
864 1413 1130 1462 nunquam
1158 1416 1268 1448 non
1293 1402 1508 1466 satagam
1534 1436 1547 1456 ‚
1583 1405 1808 1452 mortali-

15 1467 133 1514 ?bus
156 1480 239 1512 me
266 1463 497 1512 exhibere
521 1479 531 1509 :
575 1474 721 1510 taceo
742 1461 1241 1525 scommata‚quibus
1259 1479 1345 1512 me
1373 1464 1625 1514 exsibilant
1652 1467 1808 1514 veluti

45 1526 304 1593 strepitum
333 1527 594 1576 volantem
622 1558 635 1579 ,
671 1520 1000 1588 fragilemque
1028 1539 1302 1576 ventorum
1332 1528 1552 1591 praedam
1579 1547 1588 1576 :
1626 1528 1805 1591 quibus

20 1606 129 1641 v‘me
155 1591 492 1653 contemptim
515 1587 769 1636 exsufflant
788 1588 943 1636 veluti
963 1589 1155 1638 nubem
1177 1587 1481 1643 instabilem,
1503 1592 1670 1641 levem
1687 1606 1807 1641 ven-

40 1667 170 1706 tum,
191 1655 396 1700 inanem
425 1651 629 1704 flatum,
653 1651 890 1699 umbram
908 1685 920 1705 ‚
952 1655 1003 1702 ὅ(
1022 1652 1255 1702 nihilum.
1345 1656 1467 1704 Haec
1506 1654 1630 1703 sileo
1649 1688 1662 1709 ‚
1684 1670 1806 1703 nam

23 1716 239 1766 dudum
270 1713 452 1764 affuevi
471 1713 803 1772 ludibrijs311is
825 1730 997 1763 meam
1018 1716 1185 1765 debeo
1208 1717 1670 1783 metamorphosin:
1686 1733 1808 1766 nam

44 1781 138 1826 vidi
158 1811 171 1832 ,
195 1778 274 1837 arfi
293 1814 306 1830 ,
340 1776 451 1837 flevi
460 1813 474 1829 ,
511 1776 754 1841 trist-{mque
782 1778 862 1824 hen
873 1777 1007 1836 fata!
1040 1781 1242 1840 repulsam
1256 1782 1399 1844 spreta
1422 1783 1506 1828 tuli
1538 1817 1551 1833 ‚
1579 1782 1673 1838 sum
1700 1797 1807 1827 nunc
1836 1774 2052 1823 &mazar-

42 1859 149 1892 vox,
163 1842 302 1898 fimus,
325 1857 446 1892 aura,
471 1842 595 1889 nihil.
675 1843 808 1890 Fecit
830 1857 952 1905 ergo
974 1855 1316 1909 contemptus,
1332 1856 1388 1892 ut
1414 1844 1523 1899 sim,
1539 1859 1648 1907 qua:
1670 1844 1804 1893 sum:
1907 1900 1914 1908 ,

46 1904 170 1955 absit
203 1903 428 1962 jactantia
460 1903 482 1961 (
505 1920 627 1952 nam
652 1920 801 1953 more
824 1920 946 1953 meo
969 1907 1122 1954 relata
1143 1907 1312 1957 refero
1336 1906 1358 1963 )
1395 1909 1662 1954 Miraculam
1684 1920 1808 1954 natu·
1836 1899 1956 1948 le·
1987 1898 2018 1946 l·

45 1985 127 2017 rae:
162 1982 272 2016 non
302 1982 423 2031 ergo
450 1967 596 2016 faciet
626 1980 967 2031 contemptus,
989 1981 1127 2017 utne
1155 1970 1459 2019 miraculum
1477 1971 1805 2035 perseverem.
1844 1964 1916 2022 35·
1932 1971 2031 2019 c,15
2039 1994 2049 2009 ·

173 2031 328 2076 MEL:
397 2030 527 2077 Facit
547 2031 688 2080 Echo
723 2047 781 2080 ex
801 2031 961 2080 nihilo
989 2033 1175 2095 aliquid
1192 2066 1204 2087 ,
1231 2032 1334 2082 hoc
1357 2033 1462 2098 ipso
1492 2050 1626 2088 reor,
1645 2032 1806 2097 quod,

24 2092 289 2148 JAutliore
313 2092 494 2146 Plinio,
516 2093 610 2140 sese
631 2094 780 2142 faciat
805 2096 1107 2144 miraculum
1124 2108 1325 2145 naturae.
1427 2098 1541 2146 Nec
1563 2112 1659 2161 ego
1691 2096 1809 2146 huic

28 2158 210 2215 vnihilo
230 2155 351 2203 nihil
382 2153 739 2205 concefferim:
785 2159 1130 2223 prodigiosum
1160 2158 1290 2208 adeo
1314 2159 1477 2208 fateor
1502 2194 1515 2215 ‚
1547 2161 1712 2209 utillo
1743 2161 1809 2209 nil

48 2220 322 2271 mirabilius
342 2218 560 2266 habeant
576 2234 731 2267 aures.
800 2223 1134 2287 Percepimus,
1160 2223 1280 2285 quid
1300 2222 1443 2272 Echo
1467 2224 1639 2272 sentiat
1668 2223 1729 2271 de
1766 2223 1809 2270 se

48 2284 174 2350 ipsa,
201 2282 388 2340 judicio
409 2281 763 2347 philosophico
787 2282 885 2340 jam
908 2285 1201 2345 decidemus
1233 2318 1247 2340 ‚
1285 2285 1346 2335 de
1370 2286 1451 2335 illa
1486 2287 1608 2350 quid
1642 2287 1809 2335 sentia-

31 2363 180 2396 ‚mus.
248 2346 299 2394 Si
328 2347 379 2393 in
403 2360 633 2409 pugnum
653 2347 997 2397 contrahimus
1013 2382 1025 2402 ‚
1051 2363 1160 2411 quae
1182 2348 1287 2400 illa,
1312 2350 1671 2415 Nympharum
1699 2363 1811 2395 mo-

32 2426 105 2471 gre
120 2443 133 2465 ‚
153 2424 239 2475 per
265 2409 556 2473 longiorem
579 2407 914 2473 paraphrasin,
935 2412 1186 2476 apparebit
1203 2445 1216 2467 ,
1241 2413 1309 2461 nil
1332 2414 1465 2462 aliud
1491 2412 1609 2463 effe,
1633 2410 1720 2459 nisi
1740 2415 1811 2455 So-

34 2490 151 2521 rnum
185 2469 389 2530 reflexum
425 2507 438 2522 ,
474 2488 621 2517 vocem
650 2475 935 2533 reciprocam,
972 2478 1028 2522 (Ψ
1057 2474 1343 2535 repercuffizm.
1401 2476 1501 2525 Sed
1535 2490 1631 2537 qua
1660 2475 1810 2521 ratio-

51 2552 120 2587 ne
139 2570 152 2593 ‚
172 2533 452 2600 quibusque
470 2532 845 2596 circumstantiis
863 2536 1142 2652 regeetatur
1160 2537 1246 2591 hic
1267 2538 1416 2592 sonus
1432 2572 1446 2596 ,
1481 2538 1581 2586 ade&
1600 2534 1654 2607 ⁶3st
1674 2538 1811 2595 incog-

1573 2611 1742 2653 mmm,
