2242 2911
167 1047 335 1092 &Pau-

172 1109 238 1154 lm
278 1106 330 1152 ad

172 1170 259 1220 col.
281 1183 325 1215 2.

175 1614 309 1661 Cicer.

180 1691 222 1721 1.
239 1686 335 1731 2.5.

176 1737 275 1795 Tus:

179 1866 279 1933 Cat..

177 1929 344 1987 Major·

421 110 459 154 4
895 90 1164 150 Mausolaeum
1188 93 1546 154 Peripateticum.

359 189 544 255 partim
567 188 621 235 in
640 187 863 241 veritate,
917 188 1063 236 artim
1081 188 1134 235 in
1149 187 1365 236 veritatis
1383 185 1820 251 contemplatione
1835 181 2013 235 statuat
2022 189 2128 239 Sta-

355 254 523 315 ginta,
545 247 730 299 merito
755 265 851 314 pro
877 200 1210 316 Philosophiae
1239 245 1420 299 nostrae
1440 248 1542 298 fine
1565 246 1824 299 statuimus
1856 252 2062 298 notitiam
2081 254 2135 299 de-

354 313 479 360 rebus
500 310 766 359 naturalibus·
777 313 1060 370 discurrendi,
1097 313 1296 367 sedita,
1331 326 1387 361 ut
1413 329 1502 377 per
1531 314 1758 362 veritates
1788 326 2001 367 creatas,
2034 315 2130 363 sca·

357 378 460 426 lam
482 377 634 424 veluti
658 372 937 440 mysticam,
952 392 1107 440 quam
1132 377 1257 424 olim
1280 377 1490 427 Pittacus
1509 377 1803 440 Mitylenaeo
1826 379 2023 441 templo
2041 376 2136 425 do-

358 441 556 488 narium
580 471 595 492 ,
629 437 693 486 ad
730 440 1010 488 Veritatem
1044 441 1352 493 lucre-atam,
1388 439 1621 488 ultimam
1653 438 1832 488 scilicet
1871 439 2136 490 beatitudis-

359 518 506 554 nem‚
543 500 733 550 felicius
763 501 1105 551 ascendamus.

484 564 682 615 LEUC:
714 563 877 631 Qod
912 564 948 614 fi
983 562 1121 614 meta
1151 562 1284 614 adeo
1314 561 1482 613 divina
1511 564 1755 629 gloriatur
1778 564 2098 630 Philosophia
2117 598 2132 620 ‚

361 628 483 692 quid
505 625 654 676 causae
678 624 836 676 subest
857 662 872 682 ,
905 626 1051 691 quod
1070 630 1120 676 in
1132 630 1363 693 Peripato
1379 630 1616 677 Primatcs
1632 661 1643 682 ,
1673 640 1752 676 tot
1775 644 2005 677 errorum
2025 629 2132 679 Au-

359 693 531 741 thores
553 723 565 743 ,
599 703 678 738 tot
711 689 951 740 scelerum
980 693 1150 740 Duces
1173 725 1189 746 ‚
1222 703 1302 740 tot
1335 691 1590 740 Haeresum
1638 690 1913 739 ArchitcCti
1937 723 1950 744 ‚
1978 693 2029 741 ὃ(
2057 693 2136 739 ln-

360 755 626 804 vcntorcs?
660 753 783 816 quid
804 754 954 803 causae
976 750 1160 805 subest,
1191 751 1338 816 quod
1361 755 1424 802 ab
1441 753 1549 819 ipsis
1570 752 1788 804 Ethnicis
1803 788 1815 807 ,
1839 754 2015 801 infami
2027 750 2137 819 stig-

359 831 515 870 mate,
537 818 688 865 toties
700 817 979 882 proscripti,
1003 819 1150 866 toties
1176 817 1389 880 abU'rbe
1414 817 1571 873 ejecti,
1586 817 1647 866 ab
1671 817 1775 882 ipso
1795 817 1921 865 orbe
1942 816 2137 873 ejicien-

365 880 444 935 di,
471 879 506 929 fi
525 878 691 929 Thule
713 878 889 929 ultima
913 882 1251 929 remotiorem
1280 882 1505 930 invenire
1539 878 1700 929 fuiffet
1719 879 1977 929 Thulem?
2013 878 2135 942 quid

363 943 515 992 causae
533 939 692 991 subest
705 976 719 996 ‚
738 941 883 1006 quod
897 943 1294 1009 Philosophiam,
1310 941 1574 993 Christiani
1589 945 1740 992 etiam
1752 943 1963 992 Caesares
1975 977 1987 997 ,
2001 957 2136 992 nunc

365 1003 680 1055 nominarint
701 1006 956 1067 Reipublicae
977 1006 1133 1068 pestem
1153 1040 1168 1061 ,
1202 1023 1341 1055 nunc
1358 1010 1600 1066 Regnorum
1612 1008 1872 1066 perniciem?
1909 1003 2136 1070 quodip-

365 1069 411 1118 sa
424 1067 645 1118 Ecclefiae
672 1071 890 1118 Lumina
914 1103 928 1124 ‚
963 1086 1100 1118 nunc
1131 1071 1270 1118 velut
1297 1070 1510 1126 Haeresum
1539 1076 1770 1115 Parentem
1793 1102 1808 1123 ‚
1845 1071 1896 1118 ὃς
1923 1071 2137 1115 vitiorum

365 1135 575 1179 nutricem
601 1164 616 1185 ‚
642 1147 780 1180 nunc
802 1134 939 1181 velut
958 1133 1216 1190 simplicium
1235 1131 1512 1186 seduiiricem
1540 1131 1873 1189 &fallaciarum
1897 1130 2135 1189 artificem,

365 1195 596 1243 extremis
621 1196 883 1248 convitiis,
916 1190 1240 1257 exagitarint?
1268 1195 1425 1239 MEL:
1456 1193 1686 1243 dabimus
1716 1194 1931 1247 causam,
1955 1193 2138 1256 absque

361 1256 559 1322 tripode
580 1255 835 1318 Delphico
855 1275 866 1301 :
902 1271 1089 1320 nempe
1109 1255 1296 1303 occidit
1313 1256 1472 1304 littera
1494 1291 1508 1306 ‚
1543 1255 1579 1304 fi
1599 1256 1784 1313 sitsola,
1813 1257 1980 1321 spiritu
1997 1257 2031 1305 fi
2046 1260 2138 1305 im·

367 1321 576 1372 buatur‚
596 1317 832 1368 vivificat.
909 1320 1039 1368 Non
1060 1318 1246 1366 feriunt
1266 1317 1644 1382 Philosophiam
1668 1334 1839 1368 veram
1859 1319 1965 1368 haec
1986 1320 2142 1383 spicu-

364 1385 411 1432 la
431 1416 446 1437 ,
465 1383 547 1431 sed
566 1383 732 1435 illam,
756 1396 912 1443 quam
936 1377 1219 1444 Apostolus
1242 1396 1350 1428 non
1372 1383 1583 1429 inaniter
1606 1381 1724 1429 dicit
1750 1385 1933 1433 inanem,
2012 1385 2062 1432 V
2066 1399 2141 1431 es-

365 1447 461 1494 bo:
516 1444 551 1493 fi
576 1445 697 1507 quid
721 1445 854 1493 orbis
875 1443 902 1492 a
923 1443 1242 1508 Philosophia
1264 1444 1617 1496 incommodi,
1654 1460 1761 1492 non
1786 1444 2137 1510 Philosophiae,

367 1508 448 1557 sed
468 1507 935 1573 Philosophantium
956 1506 1038 1555 hic
1072 1523 1211 1555 error
1236 1507 1345 1555 fuit.
1393 1504 1622 1556 Retulisti
1635 1507 1801 1571 spuriae
1831 1508 2034 1572 probra,
2055 1524 2141 1572 ge-

367 1574 532 1619 nuinae
551 1571 764 1619 referam
783 1586 918 1619 nunc
938 1570 1208 1634 gloriosam
1224 1569 1524 1619 Antithesin.
1594 1572 1781 1619 Primas
1807 1571 1901 1620 hac
1918 1574 1970 1620 in
1989 1587 2140 1636 pane-

436 1636 476 1683 ri
499 1634 587 1682 fibi
619 1631 804 1682 merito
836 1634 1070 1682 vendicat
1094 1636 1346 1682 Romana:
1379 1633 1678 1695 eloquentia:
1701 1636 1907 1682 Primas.
2005 1636 2140 1684 Huic

371 1701 407 1748 P
449 1696 695 1762 ilosophia
714 1693 784 1744 cst
802 1695 1003 1743 bonorum
1021 1699 1205 1743 Artium
1224 1698 1402 1746 Mater,
1429 1698 1598 1743 cultura
1617 1700 1766 1748 animi,
1783 1700 2048 1758 extiipatrix
2067 1700 2139 1744 vi-

374 1764 532 1808 tiorum
547 1793 561 1813 ,
593 1763 812 1807 virtutum
834 1763 985 1806 nutrix
999 1792 1011 1812 ,
1033 1762 1169 1805 animi
1191 1760 1423 1810 medicina,
1444 1762 1547 1805 vitae
1574 1761 1686 1811 dux,
1706 1759 1917 1820 Magistra
1941 1776 2104 1807 morum
2118 1796 2136 1812 ,

374 1824 586 1884 disciplina
614 1822 719 1870 bene
746 1824 948 1874 vivendi,
983 1824 1216 1869 Invenirix
1257 1823 1421 1882 legum,
1451 1825 1637 1869 Scientia
1663 1839 1876 1886 nunquam
1899 1824 2008 1879 satis
2044 1825 2141 1870 lau-

375 1889 539 1938 danda,
573 1889 644 1933 cui
663 1890 736 1950 qui
756 1890 939 1946 pa‘reat,
976 1903 1095 1932 omne
1120 1897 1286 1946 tempus
1311 1889 1448 1932 aetatis
1470 1885 1594 1947 poffit
1615 1886 1707 1945 fine
1738 1885 1926 1940 molestia
1961 1888 2137 1946 degere:

379 1955 542 1997 Bonum
564 1952 766 2014 denique,
803 1966 883 2011 quo
907 1948 1136 2010 optabilius
1150 1950 1333 1999 nullum,
1356 1950 1512 1995 nullum
1525 1948 1784 2010 praestantius
1801 1951 1948 1996 datum
1976 1963 2141 1997 morta·
2208 1994 2213 1998 .

374 2015 482 2061 lium
496 2016 671 2072 generi,
700 2016 896 2059 Deorum
917 2013 1123 2070 consensu,
1144 2028 1220 2057 nec
1235 2010 1438 2057 dabitur:
1492 2014 1542 2062 ὅς
1566 2013 1688 2076 quid
1716 2011 1865 2077 poffit
1885 2012 1948 2060 ad
1970 2012 2140 2062 Philo·

375 2075 557 2141 sophiae
583 2075 787 2124 laudem
810 2075 906 2124 dici
924 2074 1209 2125 sublimius?
1270 2076 1415 2124 Hanc
1437 2074 1592 2140 ipsam
1612 2091 1720 2125 non
1738 2075 2045 2140 Reipublicae
2055 2091 2138 2140 pe-

374 2136 501 2188 stem
513 2172 528 2193 ‚
551 2138 632 2187 sed
650 2140 914 2187 Parentem
927 2172 944 2192 ,
962 2155 1071 2188 non
1087 2140 1392 2203 Regnorum
1412 2140 1683 2203 perniciem
1696 2172 1712 2193 ‚
1739 2139 1819 2187 sed
1840 2140 2106 2188 Nutricem
2121 2171 2139 2193 ,

374 2215 506 2266 quot
524 2217 651 2267 pene
672 2202 839 2250 litteris
854 2235 868 2255 ,
888 2214 966 2250 tot
987 2199 1297 2260 testimoniis,
1319 2204 1372 2250 in
1395 2202 1580 2252 orbem
1603 2202 1886 2251 declamant
1907 2213 2141 2251 veterum

374 2277 714 2315 monumenta
735 2283 748 2313 ε
792 2262 1173 2329 Trismcgistum
1207 2278 1285 2314 ter
1315 2268 1622 2320 maximum,
1643 2268 1760 2328 quia
1778 2267 2005 2330 Regem,
2027 2264 2142 2315 Phi-

373 2328 674 2394 losophum,
700 2331 749 2378 ὅ(
769 2328 1094 2377 Sacerdotem
1110 2362 1125 2383 ‚
1144 2345 1237 2394 pro
1249 2328 1556 2393 Reipublicae
1567 2328 1803 2379 Authore
1817 2361 1832 2383 ‚
1861 2327 2143 2393 agnoscunt

364 2392 617 2456 ,AEgyptijz
647 2390 867 2441 Chaldaei
888 2394 938 2441 ὅ(
961 2392 1113 2441 Persae
1137 2393 1441 2457 legislatores
1471 2392 1684 2444 adorant
1708 2393 1921 2456 Magos:
1974 2392 2141 2442 Graeci

377 2456 439 2502 ad
460 2455 621 2518 lyram
643 2454 836 2521 Orphei
857 2451 1120 2520 mysticam
1133 2490 1146 2509 ‚
1166 2457 1282 2520 quia
1300 2454 1705 2522 Philosophicam
1723 2456 1928 2504 cicurati
1939 2488 1952 2508 ,
1975 2453 2139 2503 ferita-

375 2528 484 2574 tem
504 2518 768 2571 barbaram
786 2518 1050 2588 deponunt
1072 2536 1085 2569 ε
1131 2520 1314 2572 Soloni
1338 2519 1488 2573 fasces
1517 2520 1748 2572 deferunt
1776 2517 2105 2632 Atheix-ienses
2120 2549 2138 2573 ,

1965 2594 2074 2630 ace-
