2175 2911
429 138 519 193 134
1033 133 1228 182 Ariadne
1250 129 1447 196 Phyfica.=

482 225 679 278 LEUC:
746 224 931 278 Casum
950 223 1204 276 funestum
1226 228 1234 275 Ξ
1268 222 1645 276 lamentabilem
1656 226 1942 278 vocationis
1957 226 2112 278 deset-

360 302 418 340 tae
437 290 653 340 sortem!
692 292 899 357 Negotii
933 290 1074 350 hujus
1106 303 1435 340 momentum
1465 289 1621 354 quam
1647 293 1793 356 pauci
1824 305 2112 356 penetrant,

358 353 513 417 quam
542 356 687 404 multi
714 369 973 422 penetrare
1006 355 1267 404 recusant?
1335 355 1492 400 MEL:
1529 355 1601 403 Ita
1637 351 1707 403 est
1741 373 1751 402 :
1790 354 1893 404 haec
1924 356 2114 404 inimici

360 414 430 465 est
450 415 650 483 stropha
676 452 688 472 ,
721 432 774 468 ut
811 420 1008 468 nullum
1036 420 1300 483 negotium
1341 416 1613 473 majoribus
1653 419 1908 484 perturbet
1947 419 2077 468 dolis
2100 451 2116 471 ‚

358 481 515 543 quam
535 482 678 545 quod
702 485 980 532 maximum
1004 516 1016 536 ‚
1040 498 1156 531 nem
1197 497 1222 528 e
1253 482 1517 545 negotium
1540 485 1885 545 negotiorum.
1954 484 2110 531 Nunc
2155 521 2158 523 Α

360 557 588 593 mentem
613 559 831 611 occupat
852 563 936 612 per
954 562 1139 611 crepun
1184 547 1226 592 ia
1249 577 1260 598 ,
1299 557 1352 593 ut
1389 544 1564 593 otiosis
1594 541 1726 593 hisce
1754 545 1965 609 negotiis
1991 544 2120 593 fluat

359 620 472 656 aetas
496 641 508 662 ‚
533 611 582 658 ὅ(
604 607 772 658 effluat
804 622 1000 676 tempus
1032 607 1337 658 deliberandi
1367 608 1430 656 de
1460 620 1732 672 tempore;
1766 608 1953 657 horum
1976 606 2112 656 tesse-

360 687 413 720 ra
436 688 447 719 :
484 673 615 718 nolite
628 672 799 730 fhlliciri
819 672 891 732 eff}
909 678 952 720 in
975 672 1212 727 crastinum,
1282 673 1438 720 Nunc
1456 672 1594 720 mille
1605 670 2107 735 obstaculisimpedit,

361 750 425 782 nc
454 734 753 788 assumatur3
789 737 866 787 vel
895 737 1087 801 satagit,
1111 750 1166 785 ut
1187 733 1439 783 differatur
1461 768 1474 788 ‚
1501 747 1586 784 aut
1607 734 1910 799 assumptum
1940 732 2111 784 denuo

360 799 750 864 interrumpatur
771 817 782 847 t
819 800 1094 850 identidem
1124 801 1280 847 menti
1304 800 1508 862 ingerit,
1529 800 1631 861 quid
1649 811 1748 859 opus
1772 798 2002 844 eleffiione?
2013 797 2112 857 plu-

361 861 479 908 ribus
495 863 582 920 vijs
601 866 777 908 venitur
796 866 993 911 Romam.
1063 865 1218 913 Nunc
1242 865 1508 925 negotium
1528 861 1694 910 turbat
1715 860 2042 924 assumptum,
2057 871 2112 908 ut

360 937 621 988 peragatur
644 941 736 989 pro
767 927 958 978 forma,
980 930 1027 976 ὅ(
1051 925 1150 974 line
1173 925 1339 973 forma
1363 941 1376 976 3
1414 924 1561 973 multi
1591 927 1832 989 incipiunt
1854 956 1865 975 ‚
1900 927 1948 973 ὅ(
1970 924 2114 987 pauci

360 988 542 1036 finiunt
563 1005 572 1035 :
609 988 659 1036 hi
680 988 889 1037 horrent
910 991 1105 1037 Divinae
1127 989 1418 1036 Voluntatis
1446 988 1719 1034 revelatam
1744 988 1978 1034 notitiam
1995 1019 2007 1038 ,
2043 987 2112 1033 illi

361 1051 618 1114 expectant
649 1065 734 1112 per
758 1050 964 1112 angelos
994 1047 1332 1094 revelandam.
1402 1048 1558 1092 Nunc
1580 1045 1912 1094 constantiam
1942 1049 2112 1096 infrin-

359 1127 475 1176 gere
502 1114 672 1159 nititur
707 1128 717 1157 ι
754 1124 841 1173 per
870 1112 1062 1157 amicos
1093 1108 1259 1155 suadet
1287 1139 1299 1159 ,
1331 1117 1385 1153 ut
1409 1108 1587 1168 exequi
1613 1106 1843 1156 differant
1867 1124 1882 1159 5
1916 1124 2003 1173 per
2026 1111 2113 1158 Pa-

360 1187 522 1224 rentes
535 1207 547 1227 ,
567 1185 622 1222 ut
642 1173 894 1236 negligant
914 1189 926 1224 ς
963 1186 1048 1236 per
1067 1170 1230 1219 malos
1242 1170 1438 1223 Socios,
1456 1182 1508 1217 ut
1527 1169 1619 1218 sese
1635 1171 1847 1219 reddant
1863 1172 2112 1236 indignos.

361 1237 478 1287 Imo
499 1233 769 1300 postquam
788 1237 887 1293 jam
908 1236 970 1284 ad
997 1247 1215 1284 aratrum
1239 1230 1413 1282 misere
1436 1248 1647 1282 manum
1673 1266 1686 1288 ‚
1713 1235 1908 1284 laborat
1925 1268 1938 1288 ‚
1966 1248 2022 1284 ut
2041 1251 2114 1284 re-

364 1300 566 1365 spiciant
588 1297 740 1348 retro.
803 1302 879 1350 En
898 1311 1028 1362 quot
1050 1298 1277 1362 negotiis,
1292 1296 1394 1345 hoc
1424 1311 1582 1345 unum
1605 1301 1870 1361 negotium
1892 1298 2117 1348 Daemon

361 1364 560 1412 turbare
589 1364 792 1427 satagat,
817 1376 871 1412 ut
897 1363 978 1411 vel
1011 1363 1072 1410 ab
1112 1357 1255 1409 hoste
1289 1361 1493 1423 colligas
1526 1362 1715 1424 grande
1755 1374 2081 1412 momentum
2097 1365 2114 1412 ·!

362 1427 463 1476 Sed
484 1426 587 1474 hoc
607 1427 769 1475 fatum
792 1423 860 1474 est
878 1427 1187 1485 Juventutis,
1212 1424 1386 1472 nullibi
1410 1438 1570 1471 errare
1602 1423 1928 1485 frequentius,
1959 1424 2115 1488 quam
2146 1460 2150 1488 3

363 1494 415 1540 in
444 1491 522 1539 via
543 1491 853 1543 vocationis,
884 1490 968 1538 ubi
988 1503 1146 1537 nemo
1167 1499 1296 1537 errat
1311 1520 1323 1539 ‚
1346 1486 1433 1535 nisi
1452 1498 1568 1535 toto
1591 1488 1731 1537 coelo
1753 1488 1960 1537 aberret.
2009 1490 2112 1539 Uti·

362 1569 484 1603 nam
502 1567 609 1601 non
627 1554 774 1602 toties
793 1549 1024 1601 testatum
1046 1551 1148 1600 hoc
1169 1551 1317 1600 nobis
1339 1550 1560 1598 facerent
1587 1549 1834 1599 tristissimi
1861 1552 2111 1601 Annales!
2150 1560 2162 1584 -'

363 1613 392 1666 ὲ
413 1616 592 1679 quibus
611 1619 818 1665 unicum
839 1618 889 1664 in
900 1617 1157 1664 Toletano
1172 1612 1483 1678 Philosopho
1495 1615 1784 1679 exemplum
1796 1630 1931 1679 cape.
1961 1617 2115 1671 Huic,
2146 1614 2163 1679 J

363 1677 597 1744 neglectae
618 1680 899 1728 vocationis
920 1693 1030 1727 reo,
1052 1676 1171 1726 cum
1190 1680 1240 1725 in
1264 1692 1428 1740 agone
1447 1676 1693 1741 naufrago
1709 1710 1722 1730 ‚
1743 1675 1919 1725 frustra
1939 1678 2113 1726 obtru-
2147 1678 2162 1717 ²·-

365 1744 564 1792 deretur
586 1744 890 1807 poenitentiae
909 1740 1101 1793 tabula,
1125 1740 1452 1789 clamantibus
1470 1741 1521 1787 in
1540 1740 1752 1790 Coelum
1773 1740 1969 1789 Amicis
1991 1758 2001 1787 :
2033 1743 2111 1787 Γί-

365 1819 442 1853 ant
459 1822 582 1852 aures
605 1819 683 1851 tuae
712 1806 972 1851 intendentes
992 1807 1010 1850 Ι
1054 1801 1216 1853 subito
1250 1801 1485 1852 Crucifixi
1521 1802 1707 1867 effigies
1735 1836 1748 1858 ‚
1796 1803 2019 1853 resolutis
2049 1804 2112 1852 de

364 1884 513 1920 cruce
534 1868 740 1925 brachiis
763 1869 999 1917 obturare
1022 1866 1118 1916 visa
1131 1863 1199 1915 est
1227 1881 1367 1915 aures
1392 1898 1405 1919 ,
1444 1863 1628 1928 hancq3
1650 1870 1876 1915 emittere
1903 1865 2110 1916 horren·
2174 1922 2175 1926 Ἰ

370 1934 488 1983 dam
508 1948 694 1982 Vocem
717 1946 728 1981 t
765 1931 925 1980 Vocavi
944 1966 956 1981 ,
986 1932 1042 1978 &⁴
1060 1928 1231 1982 renussti
1256 1951 1272 1983 ;
1307 1943 1380 1989 ego
1403 1945 1563 1992 quoque
1584 1933 1626 1975 in
1643 1932 1825 1976 interitu
1852 1942 1926 1975 tuo
1946 1929 2106 1981 ridebo,

371 2001 423 2045 Θ
437 1995 707 2054 fubffinnabo.
775 1994 878 2044 Sub
899 1994 1077 2053 quibus
1100 1993 1261 2043 verbis
1292 1992 1545 2041 infelicem
1568 1992 1769 2063 Sophus
1797 1990 1984 2041 efflavit
2011 1991 2112 2041 ani-
2136 1994 2167 2059 ᾖξ’

371 2075 527 2108 mam.
595 2060 720 2109 Satis
745 2056 1116 2109 estLeucothee
1138 2075 1147 2104 ε
1173 2056 1389 2105 domum
1410 2057 1515 2110 abi,
1544 2059 1595 2106 ὃς
1614 2055 1756 2113 huius
1776 2056 2024 2105 sententiae
2047 2056 2112 2103 le-
2163 2096 2165 2116 ἦ

372 2137 434 2185 ge
464 2123 775 2187 paraphrasin
801 2156 816 2182 ‚
856 2135 1013 2186 quam
1039 2120 1103 2171 ad
1130 2120 1387 2171 demortui
1416 2119 1650 2170 tumbam
1679 2119 1830 2172 affixit
1853 2119 1922 2170 D.
1945 2120 2109 2173 Bona-

373 2196 597 2236 ventura.

1734 2489 2008 2581 SAR-
