2175 2911
730 129 934 180 'Ariadne
963 130 1152 191 Physica.
1658 133 1744 182 161

64 228 463 280 adscribendum.
534 226 684 278 Haud
703 227 881 293 procul
895 225 957 275 ab
975 227 1127 276 Orbis
1142 228 1277 279 Urbe
1296 230 1345 279 in
1367 229 1669 281 Faliscorum
1691 243 1816 295 agro

67 291 276 343 familias
307 289 674 354 reperiri‚testis
706 287 774 339 est
794 291 978 339 Plinius
1009 288 1032 345 (
1053 291 1262 341 Accolae
1286 296 1478 358 Hirpias
1500 292 1815 351 nominant)
1852 277 2052 337 Ζ’·’7·θ·2·

61 370 198 418 quae,
228 358 464 408 sacrificio
495 355 747 419 Apollinis
782 369 981 407 annuo,
1003 352 1141 417 super
1169 354 1450 406 ambustam
1480 357 1600 420 ligni
1629 354 1818 407 struem

63 421 349 470 incedentes
379 436 486 470 non
515 419 819 471 aduruntur,
840 417 910 465 ob
938 431 1094 478 quem
1116 419 1331 468 Vulcani
1363 420 1622 476 favorem,
1647 436 1819 486 perpe-

61 495 154 531 tuo
174 482 381 534 Senatus
401 484 633 533 consulto
650 515 662 536 ‚
688 483 834 531 omni
855 479 1158 544 Reipublicae
1189 496 1344 531 onere
1367 483 1614 533 habentur
1633 487 1821 533 immu-

63 562 172 594 nes:
211 549 353 610 quod
379 548 412 597 si
436 562 615 596 verum
633 579 644 600 ‚
667 546 745 594 vel
761 543 1093 594 Salamandrae
1119 543 1304 607 frigore
1322 545 1416 595 hos
1440 546 1679 609 homines,
1696 563 1820 596 con-

64 622 228 658 cretos
249 610 421 660 dixeris
437 645 448 665 ‚
473 611 553 659 vel
580 605 713 658 certe
745 608 806 656 ab
829 606 1072 671 Apolline
1094 607 1270 677 Stygio
1297 608 1452 658 herba
1476 609 1678 674 Magica
1701 626 1820 674 prae-

63 676 305 722 munitos,
406 674 647 738 Hispania:
669 673 938 717 Saladatores
959 685 1068 719 non
1099 675 1291 722 retem,
1315 675 1400 734 qui
1423 671 1596 726 saliva,
1625 677 1675 725 ὃς
1699 674 1820 724 hali-

63 748 118 784 tu
143 738 347 785 salutem
369 739 504 801 aegris
524 736 780 798 inspirant:
815 748 910 781 nec
930 748 1300 782 commemoro
1316 736 1486 788 Galliac
1499 738 1819 799 Reges2quos

61 800 172 850 solo
210 800 445 847 contastu
478 798 667 845 mederi
698 794 892 844 strumis
925 793 1237 844 demonstrat
1282 800 1596 861 experientia.
1697 802 1820 849 Haec

62 880 170 911 non
195 876 587 912 commemoro,
607 862 844 920 inquam,
867 861 983 921 quia
1007 860 1257 916 ejusmodi
1283 860 1558 923 paradoxa,
1582 877 1689 910 non
1712 875 1818 911 tam

66 929 295 976 Naturae,
314 921 473 985 quam
503 924 683 971 Gratiae
710 919 858 984 gratis
889 924 1014 971 datae
1037 923 1265 975 adscribit
1281 922 1621 988 Philosophia.
1689 925 1820 973 Illud
1856 931 2071 992 Plin.l.7.

59 1003 169 1036 non
190 986 558 1039 omittendum,
582 983 725 1048 quod
749 985 813 1035 ad
839 998 1092 1035 extremos
1112 988 1263 1036 Indiae
1292 986 1442 1040 fines,
1465 990 1596 1036 circa
1614 986 1818 1036 fontem

58 1052 272 1113 Gangis,
305 1048 541 1097 homines
565 1045 774 1097 Astomi
798 1050 1130 1111 reperiantur,
1149 1054 1238 1111 qui
1268 1051 1378 1098 solo
1410 1049 1601 1099 florum
1625 1051 1817 1107 odore,
1853 1058 2078 1114 Nier,l,8.

57 1112 317 1176 halituque
343 1113 529 1160 vivant.
600 1106 764 1179 Qod
790 1113 948 1160 Natio
963 1113 1247 1175 Papuarum
1266 1114 1535 1176 nigerrima
1553 1111 1656 1179 ipsa
1668 1114 1818 1166 Phoe·
1852 1138 1889 1172 c,
1911 1135 1954 1171 1.

59 1178 110 1226 bi
135 1173 385 1242 praesentffi
420 1187 716 1223 excaecetur:
765 1177 842 1227 ὃς,
864 1174 1008 1236 quod
1040 1177 1231 1224 mireris
1261 1209 1275 1229 ‚
1316 1175 1401 1224 etfi
1436 1192 1546 1225 non
1586 1180 1820 1243 aspiciant

58 1241 227 1290 lucem
253 1273 265 1294 ‚
297 1238 462 1287 modo
494 1240 687 1286 oriente
720 1239 861 1286 radio
898 1237 1164 1292 feriantur,
1194 1237 1394 1290 sufficit,
1426 1253 1482 1288 ut
1509 1236 1647 1290 hisce
1675 1244 1818 1308 talpis

59 1303 268 1352 noetem
291 1300 461 1350 afferat
484 1302 580 1350 diei
600 1303 758 1349 Pater.
826 1301 1024 1349 Contra
1047 1299 1284 1364 Augusto
1295 1303 1596 1357 Caesari‚nec
1621 1306 1727 1368 ipsae
1748 1319 1820 1355 te-

58 1367 225 1416 nebrae
247 1366 603 1414 hebetaverant
620 1364 828 1413 oeulos:
868 1378 988 1412 nam
1011 1365 1169 1412 noeht
1195 1362 1362 1427 aeque,
1387 1382 1444 1415 ae
1466 1367 1683 1416 interdiu
1701 1369 1818 1434 legi-

57 1443 139 1479 tur
159 1429 317 1479 visum
343 1425 621 1477 retinuiss'e:
700 1426 818 1475 hinc
845 1438 1038 1475 tantam
1075 1428 1126 1474 in
1157 1428 1414 1489 praesentes
1443 1430 1703 1479 radiorum
1728 1447 1818 1481 co-

0 1512 2 1528 *
59 1495 194 1558 piam
215 1491 484 1546 evibrabat,
500 1503 554 1539 ut
572 1490 671 1545 eius
696 1490 944 1555 aspcitum
964 1506 1073 1538 non
1095 1490 1401 1539 sustinerent.
1481 1492 1820 1555 Fulgurabant

58 1571 270 1620 quoque
295 1554 322 1604 ὲ
349 1556 552 1618 Reginae
571 1555 854 1618 Cleopatrae
884 1555 1042 1602 oculis
1063 1565 1167 1603 tarn
1197 1550 1404 1603 amoene
1431 1553 1746 1605 scintillantes
1765 1557 1819 1606 il-

64 1620 272 1669 lceebrae
287 1653 300 1672 ‚
323 1631 378 1666 ut
407 1629 629 1682 caperet,
653 1613 961 1681 cogeretque
989 1632 1327 1680 amare‚quos
1342 1618 1516 1667 vellet:
1534 1619 1678 1681 quod
1698 1619 1819 1671 cum

61 1679 320 1746 Augustus
341 1683 562 1734 timeret,
588 1696 697 1729 non
727 1682 891 1735 aliter,
916 1679 1069 1744 quam
1096 1679 1327 1746 depressiS
1356 1683 1408 1730 in
1437 1693 1624 1730 terram
1656 1684 1818 1733 oculis

60 1762 176 1795 eam
201 1741 270 1793 est
287 1745 552 1793 allocutus.
621 1745 750 1809 Qae
772 1746 1046 1795 oculorum
1067 1746 1405 1810 symptomata
1419 1779 1431 1800 ‚
1452 1744 1485 1794 fi
1504 1746 1555 1794 in
1578 1745 1822 1796 diversam

61 1811 362 1874 temperiem
377 1841 389 1862 ,
413 1823 548 1856 nunc
576 1805 682 1857 felis
697 1841 710 1861 ,
730 1824 866 1857 nune
889 1807 1088 1858 nodtuae
1103 1843 1115 1863 ‚
1137 1825 1274 1858 nunc
1296 1810 1496 1872 Aquilae
1520 1809 1686 1858 forsan
1707 1825 1822 1859 ana-

63 1873 237 1936 logam
265 1870 496 1920 refundas
519 1907 531 1923 ,
564 1870 591 1920 ὲ
628 1874 825 1920 veriore
858 1871 1063 1936 Physica
1097 1875 1163 1921 ita
1196 1875 1374 1937 procul
1407 1889 1515 1923 non
1552 1873 1817 1922 aberrabiS.

63 1935 183 1986 Imo
201 1967 212 1989 ‚
236 1934 319 1983 nisi
341 1937 393 1983 in
409 1934 656 1983 recensitis
677 1937 857 2000 Magiae
881 1933 1119 1999 myster-ijs
1144 1938 1207 1985 ad
1231 1937 1509 1987 individuas
1533 1937 1791 2001 qualitates
1806 1969 1820 1991 ‚

63 2001 142 2047 vel
167 1997 331 2062 potius
349 1999 412 2047 ad
430 1999 724 2060 qualitatum
751 2001 1068 2065 temperiem,
1086 1999 1377 2063 certamque
1396 2001 1667 2050 mixturam
1695 2016 1821 2049 con-

64 2062 223 2126 fugias
238 2095 250 2116 ‚
275 2064 389 2116 erit,
415 2074 470 2109 ut
487 2063 537 2109 in
556 2063 786 2128 Peripato
809 2065 950 2127 plura
979 2063 1159 2127 spestes
1192 2063 1463 2116 Miracula‚
1486 2063 1641 2125 quarn
1663 2065 1819 2119 mira.

64 2126 210 2190 quod
233 2126 387 2189 quam
407 2125 684 2188 gloriosum
706 2126 762 2175 fit
786 2126 994 2191 Sophis,
1014 2126 1110 2190 ipse
1129 2124 1273 2175 facile
1297 2125 1551 2184 judicabis.
1753 2182 1765 2195 Ο

195 2189 392 2241 LEUC:
462 2189 602 2252 Qin
624 2193 673 2240 ὃς
700 2188 881 2249 inftnxus‘
908 2191 1124 2241 Siderum,
1147 2190 1396 2247 ejusmodi
1419 2192 1624 2240 virtutes
1648 2192 1697 2240 in
1726 2188 1818 2240 ho-

0 2294 11 2303 ..
66 2256 231 2303 mine,
254 2269 361 2301 non
382 2249 495 2301 raro
519 2256 656 2303 suam
680 2253 863 2301 debere
881 2252 1079 2317 genesin
1095 2286 1106 2308 ,
1125 2269 1284 2303 nemo
1306 2251 1506 2318 Sophus
1536 2257 1815 2319 negaverit,

0 2310 13 2372 [³.
66 2317 153 2368 nisi
185 2316 469 2365 admodum
502 2318 815 2379 malignantis
835 2319 1055 2365 Naturae.
1125 2319 1251 2383 Qis
1283 2319 1419 2365 enim
1442 2318 1618 2372 nescit,
1644 2317 1815 2380 quanti

0 2374 13 2433 ¹2
49 2379 252 2432 ‘intersit
276 2379 676 2433 herbasffadiccs,
693 2383 742 2429 ὅ(
764 2379 1058 2429 seminasub
1079 2394 1219 2429 certo
1243 2381 1435 2446 aspectu
1451 2382 1681 2430 Siderum
1700 2394 1814 2443 pro-

0 2457 14 2499 ΙῘ
46 2445 304 2496 'seminare
329 2446 344 2491 ἓ
380 2445 653 2493 Botanicos
681 2443 904 2493 consulat
926 2476 939 2497 ‚
969 2444 1050 2492 vel
1070 2445 1336 2494 Medicinae
1364 2442 1534 2494 lustret
1563 2444 1813 2496 herbaria,

0 2515 16 2580 {l
67 2508 282 2574 stupebit
300 2509 521 2556 occultas
540 2507 740 2556 sanandi
758 2509 978 2562 virtutes,
992 2510 1312 2573 proprietates
1331 2509 1589 2559 mirabitur
1607 2505 1816 2570 paraclo-

0 2572 16 2633 Ι
54 2590 151 2628 ‘xas
174 2605 188 2630 2
225 2587 334 2637 quae
367 2586 607 2636 magnam
641 2583 835 2637 partem
869 2572 1187 2687 Plajrgetarum
1217 2573 1428 2641 aspectui
1452 2571 1810 2684 adscrissgffiur’

0 2681 17 2733 Ῐ,

0 2737 19 2911 Ι·

0 1814 7 2095 -Ε-Ἴνινπκ--ὴ-...ᾑηη
0 1784 5 1790 r
1 1738 4 1743 »
1 1715 3 1718 Α
0 1615 4 1669 --*
0 1586 2 1595 ν
0 1548 2 1556 ἡ
