2175 2911
83 202 140 250 In
184 198 248 246 di.

79 274 191 324 rept:

79 325 214 374 Urbis

78 389 250 435 Grand-

76 451 166 509 fim.
181 451 296 503 Eccl,

84 526 107 571 3
115 526 160 572 ,7-

390 96 455 147 60
955 89 1154 139 flamma
1171 83 1439 138 Promethei.

329 201 472 241 marn
493 218 507 242 ‚
543 183 752 243 denariis
781 184 976 250 aliquot
1001 185 1314 237 divenditam
1335 183 1504 234 ferunt
1532 217 1547 239 ‚
1582 197 1738 250 quam
1760 183 1920 244 Julius
1944 216 1958 241 ‚
1992 184 2098 237 hoc

330 253 546 304 nomine
570 249 812 301 secundus
835 283 848 306 ‚
883 251 1058 316 viginti
1078 249 1400 300 florenorum
1420 248 1644 299 millibus
1668 263 1965 315 comparate
1988 264 2101 300 non

333 312 501 368 modo
523 314 686 365 voluit
705 349 719 369 ,
753 314 835 364 sed
854 312 1162 380 comparasse
1176 313 1487 362 etiamlucro
1514 312 1754 379 apposuit.
1823 314 1980 361 MEL:
2002 314 2101 364 Re·

334 377 411 430 Cre
434 377 592 428 afferis
617 396 627 426 :
663 377 996 443 Philosophus
1018 394 1126 426 non
1154 373 1223 424 est
1244 409 1257 430 ‚
1293 378 1380 436 qui
1407 375 1493 424 etsi
1519 379 1696 425 omnia
1727 376 1842 426 sciat
1869 409 1882 431 ,
1918 378 2098 426 animae

339 456 512 492 tamen
542 441 633 490 suae
669 444 886 507 pretium
912 440 1091 489 nesciat
1121 459 1129 488 :
1168 455 1288 487 nam
1312 440 1485 499 Sapiens
1511 443 1656 485 animae
1675 439 1756 497 fitz
1774 440 1966 500 sapiens,
2001 439 2102 497 jux-

338 519 388 556 ta
419 505 685 555 oraculum
702 506 957 570 Sapientis.
1057 503 1335 567 Triplicem
1373 500 1712 551 Academiam
1738 535 1752 557 ‚
1789 501 2103 566 Philosophis

339 569 559 618 erectam
585 600 599 624 ‚
635 567 662 617 a
690 569 878 618 Divina
890 568 1137 633 Sapientia
1157 568 1366 631 legimus
1390 597 1402 618 ‚
1440 565 1526 614 ubi
1554 566 1642 630 qui
1675 569 1892 629 pretium
1926 568 2106 616 animae

338 633 543 697 negligit
564 664 577 686 ‚
612 647 786 681 veram
804 632 1108 697 Sapientiam
1132 630 1335 694 negligit
1354 661 1367 683 ‚
1383 631 1499 692 quia
1528 628 1731 695 negligit
1751 630 1971 678 salutem.
2009 629 2108 679 Pri-

338 711 483 745 mam
508 711 534 743 a
572 695 662 744 erit
680 695 938 744 Infernus:
984 696 1037 742 in
1064 694 1166 743 hoe
1200 695 1429 757 Lyceum
1473 692 1756 750 descendamus
1782 695 2008 745 viventes,
2044 705 2109 739 ne

341 758 519 808 descen
559 774 640 806 ere
659 760 851 807 mortui
869 758 1257 822 compellamur.
1327 757 1389 805 Et
1413 756 1534 819 quid
1555 755 1714 810 aliud,
1750 754 2037 804 aerumnoso
2058 755 2112 802 in

341 837 540 872 carcere
565 822 754 871 docent
775 855 787 876 ‚
823 822 1026 885 relegati
1046 820 1097 869 hi
1129 817 1155 869 ὲ
1178 820 1337 870 Coelo
1359 818 1652 883 Philosophi
1679 852 1691 873 ,
1729 817 1814 867 nisi
1850 816 2112 883 peffimam

341 884 729 935 conclusionem
753 918 765 938 ‚
803 900 902 948 qua
923 901 980 933 ex
1001 886 1178 933 anima:
1209 882 1359 931 finitae
1379 883 1562 939 jactura
1584 915 1597 936 ‚
1632 881 1907 933 infinitams
1930 896 1987 929 ex
2007 895 2115 944 par-

343 949 536 998 ticulari
558 945 770 997 intulere
792 948 1158 997 universalem?
1195 946 1316 1009 quid
1343 949 1476 995 enim
1506 942 1709 1010 prodest
1737 979 1749 1000 ,
1787 944 1820 993 si
1858 944 2115 992 mundum

344 1011 632 1060 universum
655 1012 846 1063 lucrati,
862 1013 1039 1060 animat
1064 1009 1180 1075 pass]
1200 1012 1308 1058 sunt
1331 1010 1719 1058 detrimentum?
1742 1009 1882 1072 Qin
1899 1010 1947 1057 ὅ(
1969 1006 2030 1055 ab
2048 1008 2117 1069 ip-

348 1074 401 1122 so
439 1075 827 1121 mendaciorum
853 1071 1095 1136 Magistro
1119 1073 1287 1120 licebit
1305 1072 1486 1120 discere
1521 1073 1785 1119 veritatem
1816 1088 1825 1118 :
1864 1069 1986 1132 quid
2020 1069 2119 1132 agit
2153 1084 2169 1090 ‘

348 1132 556 1186 Alastor
580 1132 761 1197 stygius
784 1167 797 1188 ‚
833 1135 942 1182 imo
964 1137 1085 1195 quid
1104 1150 1214 1181 non
1235 1136 1334 1197 agit
1360 1169 1372 1184 ‚
1411 1146 1465 1181 ut
1501 1135 1725 1181 animam
1753 1144 1865 1196 agat
1898 1134 1951 1180 in
1971 1130 2119 1179 trans-

348 1197 581 1247 versum?
618 1209 748 1258 quot
785 1212 893 1244 non
929 1193 1067 1245 struit
1093 1195 1287 1245 insidias
1312 1198 1327 1244 ἓ
1363 1207 1492 1259 quot
1519 1212 1629 1244 non
1659 1195 1862 1246 adhibet
1885 1196 2117 1243 tentatio·

349 1276 480 1309 num
493 1259 939 1308 machinamenta?
975 1275 1110 1309 nunc
1146 1272 1320 1329 aperto
1358 1261 1526 1309 Marte
1561 1259 1777 1308 furiosos
1812 1270 1952 1324 parat
1980 1256 2120 1306 afful-

351 1336 430 1372 tus
456 1342 466 1371 :
505 1339 641 1372 nune
664 1322 750 1371 sub
776 1325 931 1372 ovina
951 1323 1079 1387 pelle
1101 1322 1368 1371 dissimulat
1385 1337 1620 1386 rapacem
1641 1323 1820 1386 lupum
1841 1339 1851 1369 :
1871 1321 1993 1385 saepe
2014 1334 2121 1368 ma-

353 1387 428 1436 lus
451 1401 634 1435 corvus
666 1401 764 1434 ova
788 1383 992 1450 peffima
1008 1386 1248 1447 excoquit
1270 1418 1283 1439 ‚
1320 1385 1474 1433 libros
1492 1386 1719 1449 intelligo
1742 1420 1753 1436 ,
1792 1396 1928 1449 patre
1947 1383 2122 1431 diabo-

355 1450 410 1498 lo
435 1450 641 1514 dignos:
679 1463 1055 1511 nonnunquam
1086 1448 1267 1505 deliciis
1299 1448 1448 1496 allicit
1470 1482 1482 1502 ‚
1517 1464 1612 1497 nec
1651 1444 1766 1496 raro
1807 1447 1998 1496 divitias
2028 1445 2121 1495 ob-

357 1513 545 1561 trudit:
584 1515 634 1563 &
658 1507 773 1560 licet
802 1526 996 1560 novam
1017 1543 1030 1565 ,
1065 1510 1169 1560 hoc
1204 1508 1392 1574 quaestu
1424 1544 1437 1564 ‚
1474 1527 1686 1576 poenam
1733 1509 1818 1558 sibi
1857 1519 2121 1573 comparet

358 1576 668 1624 nundinator
685 1575 948 1640 improbus
968 1607 981 1628 ‚
1017 1590 1126 1622 non
1151 1573 1447 1623 absterretur
1469 1593 1478 1622 :
1515 1570 1632 1623 licet
1653 1573 1884 1639 superbiae
1915 1585 2122 1621 tumore

358 1635 488 1705 pene
526 1651 785 1703 rumpatur
805 1671 818 1692 ‚
855 1649 1027 1686 tamen
1042 1638 1245 1686 nullum
1267 1639 1518 1687 servitium
1540 1632 2126 1699 abnuit,nunestrygum

360 1703 675 1768 mancipium
703 1734 715 1759 2
752 1717 887 1750 nune
907 1702 1133 1766 sagarum
1163 1702 1475 1758 jumentum:
1497 1700 1618 1764 saepe
1643 1698 1913 1763 agaso‚vel
1933 1699 2153 1753 Arcam„

360 1765 529 1816 modo
561 1764 724 1814 olidus
746 1764 910 1814 hircus
929 1798 943 1819 ,
979 1762 1146 1814 modo
1167 1763 1393 1813 sordidus
1426 1779 1484 1812 ex
1521 1762 1638 1812 hara
1667 1777 1851 1827 porcus
1882 1779 1892 1809 :
1928 1761 2122 1825 semper

361 1829 568 1893 vigilans
586 1830 649 1877 ad
672 1828 969 1877 nocendum
983 1861 997 1882 ‚
1030 1828 1222 1892 semper
1244 1829 1441 1877 tussiens
1463 1826 1526 1876 ad
1537 1825 1905 1875 devorandum.
1933 1825 2054 1874 Haec
2073 1823 2126 1871 il·

361 1892 426 1946 le,
448 1893 660 1943 alienam
676 1905 731 1940 ut
749 1893 972 1940 animam
985 1891 1157 1956 perdat
1174 1866 1335 1954 :quidD
1339 1889 1686 1954 Philosophus,
1705 1901 1760 1938 ut
1770 1889 1994 1937 animam
2012 1901 2127 1951 pro·

368 1958 530 2065 priam
542 1955 927 2021 salvetiSuperi!
965 1955 1242 2004 exclamare
1261 1954 1382 2004 libet
1407 1970 1527 2003 cum
1550 1953 1787 2002 Salviano
1809 1947 2058 2014 :quisfuror
2071 1946 2127 2001 est

402 2020 470 2064 ic?
505 2020 615 2065 viles
633 2018 659 2065 ὰ
681 2018 797 2065 nobis
815 2022 979 2064 animas
1002 2017 1153 2065 haberi
1170 2051 1184 2072 ‚
1219 2034 1322 2080 quas
1342 2020 1474 2064 etiam
1493 2015 1685 2062 diaholm
1709 2026 1843 2076 putat
1868 2011 1941 2072 effi?
1961 2014 2128 2073 pretio-

362 2081 446 2139 sas.
516 2082 854 2131 Academiam
888 2079 1095 2131 alteram
1118 2081 1333 2130 erestam
1372 2081 1508 2130 vides
1545 2081 1598 2128 in
1634 2090 1816 2127 monte
1852 2076 2125 2126 Calvariae:

122 2151 337 2201 hom,2‚in
374 2143 500 2208 quam
514 2146 719 2204 pretiosus
739 2145 796 2203 fis
827 2144 848 2190 ὂ
877 2146 1025 2197 homo,
1053 2145 1090 2204 fi
1110 2144 1230 2204 forte
1257 2146 1448 2192 Creatori
1482 2159 1563 2189 non
1592 2143 1727 2189 credis
1745 2175 1760 2192 ‚
1790 2143 2009 2198 interroga
2039 2140 2126 2184 Re-

125 2213 266 2277 symb.

126 2275 286 2339 Apoff:

125 2346 171 2389 in
183 2341 294 2398 Psal.

130 2419 149 2450 1
160 2418 240 2453 020

127 2466 284 2517 Thom,
301 2464 328 2511 εὶ

134 2527 323 2578 Braban:

375 2209 659 2268 demptorem,
683 2210 843 2270 inquit
862 2209 910 2257 S.
934 2208 1221 2258 Eucherius.
1290 2210 1430 2258 Nam
1460 2207 1812 2266 Redemptorem‚
1835 2218 1955 2248 nemo
1973 2198 2121 2259 fhllit,

380 2287 500 2317 nemo
530 2273 835 2321 circumvenit,
870 2288 988 2318 nemo
1011 2275 1198 2332 premit,
1223 2274 1310 2331 egit
1337 2269 1624 2319 contractum,
1645 2267 1886 2325 limguinem
1903 2262 2025 2322 fudit
2044 2275 2127 2324 pro

379 2333 520 2380 nobis:
548 2334 726 2396 quibus
749 2334 910 2384 verbis
931 2334 1317 2384 conclusionem
1339 2333 1584 2397 subjungit
1599 2328 1923 2394 Hipponense
1935 2328 2128 2376 Oracu-

380 2396 511 2447 lum:
543 2399 657 2456 erige
675 2410 718 2443 te
739 2398 835 2457 erg&
859 2397 881 2443 ὂ
901 2401 1065 2453 anima,
1078 2400 1192 2446 tanti
1208 2399 1356 2446 vales!
1377 2393 1622 2460 Stupuere
1642 2389 2126 2456 juvenem'Sophum

380 2462 546 2524 priora
565 2460 732 2509 saecula
755 2493 768 2516 ‚
805 2462 890 2523 qui
920 2494 933 2517 ‚
968 2461 1088 2511 curn
1116 2458 1350 2511 stationes
1373 2494 1386 2516 ,
1413 2453 1594 2510 Christi
1619 2451 1858 2520 mysteriis
1885 2453 2090 2503 sacratas
2109 2488 2124 2512 ,

380 2523 742 2591 Hierosolymis
765 2523 992 2583 visitaret,
1014 2527 1068 2578 in
1078 2525 1317 2580 Calvariae
1338 2535 1522 2579 monte
1542 2519 1609 2573 sic
1631 2515 1921 2572 exclamasse
1941 2515 2129 2628 fcitum.
2152 2538 2157 2542 -

2027 2596 2066 2628 ιο
