2175 2911
715 112 936 173 Speculum
961 113 1197 174 Plyficum.
1672 131 1693 163 1
1704 118 1763 175 69

70 227 181 262 tem
201 211 374 262 furore
393 207 656 260 Pardalim‚
682 204 823 254 subin
845 204 1133 256 stertentem
1155 207 1347 272 pigritia
1368 212 1653 263 Arcadem:
1687 226 1828 260 nunc

26 282 29 287 '
72 274 191 341 gula
210 290 448 326 voracem
478 273 683 335 lupum,
703 283 840 318 nune
874 269 1067 321 luxuria
1101 271 1372 322 foetentem
1406 291 1650 339 porcum:
1694 275 1829 323 dicet

75 340 215 388 fuisse
236 332 474 403 Epicurea
494 335 556 382 de
581 330 725 397 stirpe
746 334 951 402 paulum
967 368 980 390 ‚
1003 334 1141 391 cujus
1172 349 1382 400 nepotes
1408 338 1602 389 dudum
1623 342 1689 390 D.
1711 340 1828 388 Hie-

0 417 6 463 ζ
32 435 35 449 f
74 421 334 471 ronymu8‚
357 398 821 454 antonomasticws‚
858 402 1207 461 Philofhphorum
1220 405 1412 461 pecudes,
1435 407 1722 469 appellavit:
1760 405 1829 452 di-

0 465 3 492 ³
71 487 150 520 cet
172 470 307 519 fuisse
327 468 643 532 Sardanapali
673 471 921 533 viperam,
946 469 1025 516 vel
1040 467 1306 516 Sibaritico
1331 469 1392 517 de
1421 483 1564 534 partu
1588 469 1823 525 bestiam,

0 543 3 550 '
69 551 178 599 quae
202 531 563 581 beatitudinem
581 531 718 579 suam
739 534 792 580 in
814 547 971 580 coeno
987 564 1000 584 ,
1021 530 1179 578 finem
1201 531 1439 580 ultimum
1458 536 1508 581 in
1531 534 1712 591 deliciis
1735 549 1825 598 po-

0 606 2 612 '
65 600 156 646 suit
171 629 182 649 ‚
203 597 254 643 in
277 596 412 643 nulla
433 611 486 644 re
508 595 659 643 brutis
678 595 916 660 superior,
939 594 1026 642 nifi
1046 591 1191 658 quod
1214 597 1409 643 ratione
1430 609 1610 651 utatur,
1632 610 1684 646 ut
1702 599 1821 646 abu—

33 690 39 720 1
66 671 226 711 tatur,
247 653 501 722 possitque
531 657 749 769 desipere
768 659 898 706 infra
919 673 1086 723 pecus.
1155 659 1334 708 Mores
1367 658 1566 722 deteget
1593 658 1741 709 tertio
1770 676 1823 706 ex

68 723 331 769 Educatione
350 722 534 783 peffima,
550 727 628 785 pel
647 720 811 769 imos:
848 720 953 768 haec
981 737 1091 770 non
1117 720 1232 770 raro
1259 720 1543 786 corruptela
1565 725 1790 779 Juventae
1806 756 1821 777 ‚

65 783 171 833 haee
201 799 338 848 petra
361 784 600 835 scandali,
623 783 732 834 haee
755 787 1066 833 Innocentiae
1097 783 1393 848 Charybdis.
1492 786 1697 837 DEUM
1730 789 1822 834 im-

27 847 29 849 ’
60 849 359 896 mortalem!
399 850 623 898 Educatio,
644 863 752 910 quae
779 847 983 896 deberet
1011 846 1106 896 effe
1138 849 1215 895 via
1237 847 1423 901 salutis,
1448 847 1578 896 filios
1610 848 1746 897 ducit
1772 852 1823 896 in

26 937 32 988 ἱ
63 913 174 960 avia
202 912 293 958 suae
314 910 623 974 perditionis·
724 912 995 975 Stupeseite
1025 903 1283 964 Parentes,
1308 914 1359 961 ἃ
1380 911 1415 959 fi
1442 927 1572 975 quos
1602 911 1683 960 hic
1710 914 1824 959 titu-

27 1020 31 1038 ,
62 974 137 1021 lus
159 975 434 1037 complices
453 974 864 1038 comprehendit,
890 973 1170 1039 stupescite‚
1197 973 1344 1037 quod
1362 991 1473 1024 non
1502 973 1590 1023 nisi
1608 976 1824 1022 nomine

27 1044 31 1051 ¹
58 1035 156 1086 fitis
171 1037 419 1090 Parentes,
443 1052 499 1084 re
519 1035 623 1100 ipsa
641 1037 865 1085 filiorum
891 1036 1160 1091 carnifices,
1180 1041 1230 1087 δί
1251 1039 1486 1087 latrones.
1555 1037 1822 1101 Stupebitis

24 1159 26 1162 v
61 1099 481 1161 judiciun1‚quocl
501 1101 628 1147 olim
649 1100 891 1147 habebitis
911 1115 967 1146 ex
982 1100 1169 1154 judicio
1188 1114 1446 1149 natorum.
1514 1103 1657 1150 Heu!
1694 1102 1822 1149 Leu-

62 1162 275 1213 cothee‚
300 1163 422 1223 quid
451 1164 693 1211 miramur
712 1174 790 1209 tot
810 1178 910 1211 ova
937 1163 988 1209 in
1016 1163 1247 1226 Peripato
1271 1162 1491 1226 pfflima,
1513 1162 1632 1213 ciim
1656 1164 1822 1211 audia-

22 1245 29 1280 1ς
57 1241 172 1274 mus
194 1228 492 1273 crocitantes
512 1237 592 1274 tot
616 1226 831 1274 corvos?
868 1240 976 1273 non
1000 1226 1136 1272 enim
1157 1225 1410 1274 obscoenae
1434 1241 1626 1290 upupae,
1656 1225 1821 1273 candi-

61 1288 182 1336 dam
211 1300 549 1353 progenerant
576 1288 891 1338 columbam.
992 1289 1336 1351 Progenerant
1360 1287 1520 1342 filios,
1549 1304 1615 1336 ne
1633 1290 1822 1352 vipera-

0 1379 2 1383 ,
60 1367 176 1401 rum
197 1353 452 1416 genimina
473 1353 526 1399 in
548 1351 691 1400 Orbe
714 1364 940 1412 unquam
974 1349 1233 1397 deficiant:
1271 1352 1451 1413 pietate
1479 1351 1668 1399 crudeli
1701 1351 1821 1399 dant

9 1404 30 1475 3¹
59 1417 220 1465 vitam
248 1430 404 1464 unam
423 1448 439 1470 ‚
469 1426 525 1463 ut
558 1430 679 1463 cum
711 1425 943 1477 tempore
973 1413 1165 1475 rapiant
1194 1415 1471 1475 geminam.
1580 1414 1662 1462 Sic
1690 1410 1820 1461 insti-

10 1505 26 1541 ,ς
61 1489 237 1532 tuunt,
263 1490 318 1527 ut
340 1479 391 1527 in
413 1478 589 1535 mediis
612 1477 676 1526 ad
694 1476 900 1524 salutem
928 1471 1218 1526 destituant3
1255 1472 1319 1523 fic
1349 1471 1582 1530 educant,
1603 1488 1657 1523 ut
1682 1475 1821 1524 sedu-

22 1543 26 1583 ἕ
57 1553 204 1594 eant,
224 1540 290 1589 fic
312 1543 566 1596 nutriunt,
586 1554 642 1592 ut
662 1540 726 1589 ad
755 1538 1026 1586 macellum
1051 1538 1259 1587 Diaboli
1282 1538 1517 1601 saginent.
1599 1540 1728 1589 Non
1751 1538 1821 1585 sat

17 1624 25 1668 ’ᾖ
59 1601 131 1651 est
148 1604 240 1654 illis
261 1606 314 1652 in
335 1605 531 1655 malum
552 1617 766 1671 praeceps
784 1603 1059 1659 Juventuss
1082 1602 1291 1650 incitant
1306 1635 1318 1655 ‚
1341 1614 1395 1649 ut
1421 1599 1566 1650 citius
1588 1613 1819 1666 pereant3

18 1690 24 1722 ,r
59 1667 294 1732 exemplo
317 1668 454 1717 viam
476 1662 761 1715 monstrant
784 1665 847 1712 ad
866 1680 1075 1718 orcum,
1094 1680 1159 1712 ne
1180 1665 1351 1715 saltem
1369 1680 1456 1729 per
1481 1666 1820 1729 ignorantiam

21 1735 23 1765 ἔ
58 1729 332 1779 salventur:
368 1728 500 1780 filios
528 1745 637 1778 non
661 1730 964 1792 agnoscunt,
987 1726 1073 1776 nifi
1108 1730 1288 1792 pariter
1318 1730 1593 1781 crocitent,
1617 1730 1667 1778 ὅ(
1699 1741 1820 1775 cum

21 1838 25 1862 ἲ
59 1789 162 1841 vita
182 1793 297 1839 vitia
316 1807 527 1856 quoque
561 1793 732 1856 sugant
757 1790 991 1839 haeredes.
1092 1793 1222 1842 Non
1250 1792 1317 1840 sat
1342 1789 1410 1840 est
1443 1792 1533 1839 illis
1564 1806 1725 1854 prona
1756 1789 1820 1838 ad

60 1857 318 1903 interitum
338 1858 611 1913 juventus,
634 1855 993 1905 Moderatores
1029 1851 1368 1909 constituunt,
1403 1857 1488 1917 qui
1519 1853 1819 1903 Moderato-

18 1966 22 1982 2
61 1919 196 1966 ribus
217 1931 443 1981 egerent:
480 1921 866 1982 immorigeros,
893 1929 947 1965 ut
978 1918 1340 1971 informando,
1369 1930 1611 1965 natorum
1643 1931 1818 1966 mores

18 1983 21 1996 ¹
62 1981 380 2029 deforment:
416 1996 711 2047 corruptos,
734 1994 787 2030 ut
807 1980 888 2038 filij
921 1978 987 2029 eo
1018 1980 1195 2029 certius
1226 1993 1637 2045 corrumpantur,
1660 1982 1710 2030 ἀ
1735 1995 1818 2044 pe-

4 2082 21 2102 ,2
61 2056 228 2092 reant:
265 2056 415 2106 atque
439 2057 494 2092 ut
512 2044 769 2109 pretiosius
799 2056 1003 2110 pereant
1025 2077 1038 2096 2
1072 2044 1272 2093 solvunt
1300 2044 1502 2092 liberale
1533 2043 1814 2095 Minervab

14 2108 24 2168 j
63 2107 153 2155 illis
176 2105 309 2170 ipsis,
332 2106 512 2170 quibus
540 2106 703 2156 utilius
728 2106 977 2156 solvissent
1000 2107 1206 2171 duplex,
1230 2106 1265 2157 fi
1285 2120 1432 2168 natos
1462 2121 1724 2169 nunquam
1745 2107 1817 2154 in-

65 2166 336 2218 stituissent.
440 2172 490 2218 O
512 2171 770 2224 Parentes,
791 2166 1002 2218 minime
1033 2172 1290 2225 Parentes,
1315 2171 1397 2219 sed
1423 2168 1590 2234 potius
1624 2181 1816 2217 tutores

18 2285 22 2299 ,
63 2229 321 2282 constituti
342 2233 404 2280 ab
430 2248 582 2281 orco:
621 2233 702 2281 sed
725 2232 893 2297 potius
915 2234 1125 2290 nutritij,
1145 2232 1174 2282 a
1199 2234 1426 2283 Diabolo
1447 2234 1673 2297 delegati,
1690 2248 1816 2295 quo-

17 2352 19 2359 y
64 2312 179 2345 rum
200 2295 307 2353 filiis
328 2296 451 2344 illud
476 2311 709 2360 oggeras:
746 2312 823 2341 vos
842 2312 894 2341 ex
915 2301 1052 2342 Patre
1071 2295 1259 2343 Diabolo
1283 2296 1385 2350 estis.
1490 2298 1541 2346 O
1564 2298 1811 2348 Parentes,

17 2364 21 2415 ξ
67 2356 185 2409 vere
206 2360 383 2408 locum
403 2372 627 2407 tenentes
650 2359 894 2420 illius‚qui
918 2357 1177 2408 homicida
1197 2360 1290 2409 fuit
1301 2361 1400 2417 jam
1419 2360 1481 2409 ab
1500 2361 1672 2408 initio:
1694 2371 1814 2405 nam

65 2423 272 2487 ipsemet
296 2422 336 2471 'fi
361 2423 574 2471 educare
605 2423 755 2472 vellet
791 2421 920 2470 filios
951 2419 1139 2472 vestros
1159 2456 1172 2478 ,
1205 2420 1447 2473 scelestius
1480 2423 1692 2472 educare
1720 2433 1812 2466 nec

15 2477 18 2558 s
65 2486 241 2543 vellet,
268 2502 364 2537 nee
395 2484 583 2553 poffet3
623 2483 872 2536 crudelius
908 2500 1116 2600 eYnecare
1151 2486 1236 2539 etsi
1268 2487 1418 2537 vellet
1442 2520 1456 2543 ,
1485 2501 1595 2536 non
1634 2480 1809 2597 psolgct·

15 2559 18 2581 ³
1688 2559 1712 2592 e
