2175 2911
41 200 248 246 Muretus

41 263 74 310 l.
86 275 127 320 3.
142 261 243 308 Var:

43 324 158 372 lec-fi:

47 511 199 572 Eufi‘b:

45 578 202 635 Caesari.

44 703 162 750 Plin:
176 703 206 749 l.
224 719 260 748 c.

43 830 165 877 Idem
179 829 208 875 l.
223 845 260 876 c.

47 1020 168 1067 Idem
177 1021 206 1068 l.
221 1037 257 1069 c.

55 2129 132 2179 lib.
148 2132 197 2176 de
208 2131 268 2176 di.

57 2196 199 2241 vinat:

369 128 429 174 52
923 111 1122 159 Flamma
1155 113 1420 161 Promethei.

300 209 498 265 ferunt,
516 225 575 259 ac
596 207 632 274 si
650 224 832 260 omnes
855 225 977 261 cum
995 212 1140 261 unius
1163 210 1340 260 Matris
1369 207 1493 258 laste
1512 206 1716 259 suxiffet.
1784 203 2058 273 Obstupuit

297 288 507 337 quoque
525 273 694 324 Padua
713 307 730 329 ‚>
760 275 882 324 cum
903 278 1102 340 triginta
1120 273 1198 323 sex
1225 275 1500 322 nominum
1522 275 1702 327 millia,
1737 271 1926 321 eodem
1945 287 2053 335 quo

297 336 521 387 hauserat
554 337 734 387 ordine
757 371 773 394 ‚
806 336 834 387 a
862 340 1058 397 Juvene
1093 339 1298 402 repetita
1325 370 1339 388 ‚
1375 339 1428 386 &
1459 337 1666 399 quidem
1700 336 1845 385 nullo
1884 349 2057 383 errore

335 404 590 466 erciperet.
660 403 771 451 Nec
791 404 918 450 inter
945 401 1148 450 hebetes
1180 400 1521 449 numerandus
1542 402 1765 458 Joannes
1807 399 1889 447 ille
1911 397 2058 448 Palae-

302 468 317 513 1
345 467 451 514 inus
475 498 488 518 ‚
525 466 611 527 qui
633 466 854 514 universa
873 465 1016 514 sacra:
1047 466 1308 528 Scripturae
1339 461 1708 518 volumina7ea
1731 463 1829 512 fuit
1855 476 2058 510 memo-

301 526 373 577 ria
391 528 685 593 complexus
705 560 720 582 ‚-
756 541 811 577 ut
830 528 1208 591 quibuscunque
1231 525 1393 576 verbis
1419 524 1563 574 filum
1587 529 1888 591 porrigere8‚
1905 525 2056 573 idlin-

299 588 397 656 gua
420 606 683 652 nunquam
706 592 941 647 fallente,
976 591 1040 641 ad
1062 590 1212 653 usque
1233 591 1420 638 exitum
1433 589 1827 654 prosequeretur.
1895 588 1994 638 Sed
2008 590 2061 637 &

302 657 554 704 memoria
575 656 695 719 Cyri
715 657 1013 718 neutiquam.
1034 655 1295 704 oblivione
1329 653 1542 701 delenda
1575 671 1586 699 ε
1622 669 1742 702 nam
1775 665 1911 701 tanta
1939 651 2057 704 fuit,

303 731 358 766 ut
383 715 409 767 ὲ
430 718 523 768 suo
545 721 760 767 exercitu
782 753 796 774 ‚
831 721 918 782 qui
938 718 1085 767 sexies
1106 730 1316 766 centena
1337 718 1555 765 militum
1579 717 1734 767 millia
1753 715 2061 778 compleste·

301 782 446 831 batur
466 815 482 836 2
515 785 745 846 quemvis
768 799 876 831 non
900 782 1098 830 tantum
1119 783 1333 829 nomine
1355 813 1368 834 2
1404 780 1486 828 sed
1518 783 1569 830 ὃς
1597 780 1913 844 cognomine
1945 793 2064 842 pro·

299 847 412 910 prio
433 847 777 910 compellaret.
846 844 1062 897 Ulterius
1087 843 1395 910 progressum
1419 856 1711 892 memorant
1734 843 1950 893 Lucium
1962 841 2062 889 Sci-

301 911 512 973 pionem
533 943 549 964 ,
582 911 668 972 qui
698 908 915 974 singulos
941 911 1072 958 cives
1102 941 1114 961 ,
1152 923 1376 970 quorum
1399 907 1648 972 myriades
1677 907 1912 971 plurimas
1941 917 2065 953 tunc

299 986 651 1022 numeraverat
674 975 845 1022 Roma
866 1006 880 1026 ,
915 968 1243 1021 onomastico
1261 986 1370 1019 non
1393 971 1542 1020 semel
1569 972 1720 1020 titulo
1737 965 1966 1018 salutarit.
2003 967 2065 1015 11-

298 1036 388 1084 Iud
411 1036 627 1098 denique
661 1038 911 1085 miraculo
943 1037 1236 1099 proximum
1267 1067 1280 1087 ,
1325 1034 1659 1083 Charmidem
1687 1066 1700 1086 ‚
1736 1032 1864 1080 sidus
1900 1047 2068 1100 quon·

301 1099 420 1147 dam
440 1102 490 1145 in
510 1099 700 1146 Graecia
725 1099 1078 1161 magnitudinis
1098 1100 1267 1160 primae
1282 1128 1299 1149 ‚-
1317 1112 1632 1158 quaecunque
1658 1096 1857 1143 auribus
1878 1094 2062 1146 hausit,

296 1163 529 1210 felicitate
555 1160 751 1224 prorsus
769 1159 1178 1225 imperturbabili,
1199 1156 1229 1206 ὲ
1246 1161 1522 1210 memoria,
1547 1159 1684 1208 velut
1714 1170 1913 1223 patente
1936 1153 1963 1206 'e
1984 1172 2069 1222 pa-

296 1226 411 1289 gina
436 1256 448 1277 ,
485 1239 609 1271 mox
630 1219 848 1272 recitaffe
874 1240 887 1269 ε’
930 1221 1040 1271 imo
1064 1255 1080 1276 ‚
1105 1221 1436 1285 quoscunque
1462 1222 1617 1272 libros
1647 1222 1868 1287 legendo
1891 1221 2070 1270 decur-

298 1301 426 1335 rerat
448 1320 460 1341 ,
496 1283 751 1335 memoria
781 1302 907 1334 ,mox
933 1285 1139 1334 tenuifl'e
1160 1319 1174 1340 ,
1210 1285 1508 1334 helluonem
1536 1286 1815 1335 bibliorum
1837 1318 1850 1339 ‚
1880 1287 1931 1335 δε
1957 1285 2064 1333 bib-

301 1350 637 1399 liothecarum
663 1351 962 1413 voraginem
979 1347 1366 1413 propemodum
1397 1348 1648 1398 infinitam
1672 1367 1684 1396 ;
1720 1352 1772 1399 ὃ(
1796 1348 1903 1397 haec
1923 1347 2064 1401 sunt,

301 1429 411 1477 quae
436 1414 496 1462 de
519 1414 751 1462 felicitate
773 1415 1058 1464 memoriae,
1075 1409 1397 1477 posterorum
1419 1415 1683 1462 memoriae
1694 1414 1904 1463 Veteres
1920 1427 2069 1460 com-

300 1475 626 1526 mendarum.

459 1543 623 1590 MEL:
660 1543 773 1590 Tua
797 1539 1039 1605 probatur
1061 1538 1169 1588 haec
1196 1539 1412 1588 eruditio
1435 1558 1444 1587 ε
1482 1538 1741 1589 Caeterum
1759 1534 1915 1587 dixisti
1937 1538 2069 1587 mul-

300 1616 375 1657 ta,
397 1620 505 1653 non
530 1605 777 1653 multum:
815 1606 986 1669 paucis-
1006 1603 1136 1652 habe
1163 1603 1487 1666 problematis
1515 1603 1839 1652 decisionem.
1909 1603 2066 1657 Sunt,

297 1668 478 1730 quibus
501 1669 807 1717 cerebellum
832 1672 881 1718 ὃς
906 1667 1092 1716 siccum
1113 1664 1181 1716 est
1200 1671 1255 1717 ὃς
1278 1666 1568 1718 exsuccums
1604 1667 1786 1729 quibus
1813 1665 1937 1714 aridi
1963 1678 2067 1714 tor·-

295 1731 498 1795 pescunt
524 1732 736 1795 spiritus,
760 1728 1008 1796 spiffaeq‘ne
1028 1744 1179 1796 caput
1207 1731 1394 1793 ubique
1423 1730 1682 1794 perforant
1714 1725 1864 1778 aristae
1890 1747 1904 1775 2
1942 1727 2062 1787 hinc

299 1797 537 1859 navigant
575 1796 625 1844 in
655 1795 787 1845 fieco
819 1796 1031 1860 semper,
1047 1811 1146 1844 nee
1171 1793 1260 1843 nisi
1285 1793 1440 1844 invita
1468 1791 1705 1843 Minerva
1742 1790 2064 1841 stramineam
2145 1840 2147 1848 ,

293 1855 470 1908 frustra
493 1856 801 1908 memoriam
828 1859 1096 1923 flagellant.
1161 1857 1417 1908 Thracum
1440 1855 1564 1908 vero
1586 1857 1786 1906 durities
1807 1871 1863 1902 cx
1880 1871 1945 1903 co
1967 1858 2075 1905 ori-⁹¹
2146 1872 2147 1907 ῖ
2170 1874 2172 1877 ·

296 1923 468 1985 ginem
492 1922 640 1972 trahit
660 1959 670 1973 ‚
703 1923 737 1971 si
758 1922 1260 1973 Conimbricenfibus
1278 1921 1399 1970 fides
1418 1957 1430 1977 ‚
1452 1922 1595 1986 quod
1614 1915 1957 1982 soliCoeh'que
1977 1936 2061 1968 na·
2144 1920 2147 1948 ³²

298 1998 432 2039 tura,
452 1984 772 2049 siderumque
796 1986 1008 2035 influxus
1030 1986 1287 2049 qualitates
1310 1988 1572 2035 memoriae
1600 1987 1824 2034 inimicas
1850 2016 1862 2038 ‚
1888 1983 2063 2048 iugiter

300 2049 594 2111 imprimant
617 2068 628 2097 :
668 2052 802 2100 unde
817 2050 1094 2099 Thebanos
1116 2065 1324 2112 quoque
1353 2052 1563 2115 ingenio
1588 2049 1772 2098 obtuso
1794 2052 1844 2099 ὅ(
1865 2048 2062 2112 pingui,

300 2111 632 2161 Athenienses
652 2115 914 2179 perspicaci
942 2127 1092 2177 atque
1110 2125 1261 2162 acuto
1282 2112 1436 2166 fuiffe,
1452 2112 1664 2162 Author
1691 2109 1759 2161 est
1779 2114 2065 2183 Oratorum

303 2175 560 2238 Princeps:
600 2175 664 2226 eo
693 2179 838 2240 quod
864 2178 1064 2227 Theb-as
1091 2175 1267 2233 crass'us
1292 2210 1305 2230 ‚
1343 2176 1571 2226 Athenas
1606 2191 1742 2225 rarus
1771 2175 2062 2237 subtilisque

309 2242 392 2288 aer
419 2240 588 2288 solitus
621 2240 677 2288 sit
708 2244 943 2290 animare.
1045 2239 1241 2290 Contra
1270 2241 1379 2289 sunt
1404 2274 1417 2294 ‚
1454 2241 1633 2304 quibus
1659 2238 1841 2289 viscosa
1873 2238 2062 2287 cerebri

306 2302 504 2351 indoles
519 2337 531 2358 ,
568 2304 747 2366 quibus
770 2305 954 2368 spiritus
983 2304 1180 2355 humidi
1198 2338 1214 2358 ,
1248 2300 1451 2369 aptique
1472 2304 1534 2352 ad
1553 2302 1916 2366 recipiendam,
1937 2317 2061 2352 cerae

304 2363 480 2421 instar,
504 2370 732 2430 quamvis
760 2369 1034 2431 imaginem
1050 2387 1060 2416 :
1076 2371 1128 2419 δε
1145 2366 1198 2417 >hi
1221 2368 1505 2434 prodigiosa
1523 2382 1632 2416 non
1660 2364 1777 2415 raro
1809 2364 2064 2417 memoria

311 2430 571 2479 excellunt.
641 2430 699 2479 Id
720 2444 890 2480 tamen
911 2433 972 2480 de
1000 2431 1299 2481 humiditate
1318 2434 1472 2481 velim
1493 2429 1717 2481 advertas
1732 2462 1745 2482 ‚
1781 2426 1926 2491 quod
1939 2428 2063 2479 sicut

311 2495 574 2544 memoriae
597 2508 844 2560 promptae
870 2492 937 2543 est
967 2497 1177 2559 genitrix
1199 2529 1214 2550 ‚
1247 2498 1314 2545 ita
1334 2530 1347 2550 ,
1365 2496 1399 2545 si
1418 2495 1571 2544 nimia
1593 2526 1606 2547 ‚
1642 2492 1915 2543 oblivionis
1934 2507 2063 2554 quo-

311 2571 410 2622 que
429 2556 485 2609 sit
504 2559 702 2610 Mater:
738 2574 859 2610 nam
882 2592 896 2616 ‚
931 2575 1070 2624 aquae
1091 2557 1237 2610 instar
1251 2594 1267 2618 ‚
1298 2555 1446 2613 facile
1462 2557 1597 2609 ideas
1619 2571 1801 2609 omnes
1824 2555 2064 2669 adrrsiitdtin‘
2140 2555 2144 2570 ⁴

1072 2665 1073 2668 ,
1937 2633 1962 2667 e
