2175 2911
381 143 434 174 21
447 129 474 176 8
1012 126 1159 187 Sanus
1191 122 1381 186 Bifhons.

179 245 221 278 1,
319 218 497 266 sulere:
535 217 774 266 aeternitas
794 217 1029 282 Stagiritae
1047 219 1161 266 erit:
1210 231 1250 263 1.
1278 217 1449 262 duratio
1468 225 1737 276 permanens,
1753 218 1962 279 principio
1987 237 2055 268 ca-

78 295 136 342 L·
167 308 207 339 Ι.
234 293 282 336 de
324 297 418 327 rens
439 283 495 329 (ξφ
506 279 609 339 fine.
709 281 952 330 Severino
972 282 1156 330 Boetio
1173 314 1185 334 ,
1223 295 1267 326 2.
1290 278 1621 327 interminabilis
1642 283 1758 331 vitae,
1781 293 1876 327 tota
1897 281 2051 340 fimuZ,

78 358 296 403 coel0.c.12
324 357 451 408 atque
466 343 660 410 perfec‘ia
682 342 872 404 poffi’ffio·
941 345 1087 393 Illam
1110 342 1383 393 Mellifiuus
1418 340 1589 390 afferet
1616 357 1655 400 3.
1687 345 1948 403 complexum
1971 362 2059 392 om-

173 433 218 464 2.
323 410 439 453 nium
456 418 719 468 temporum:
745 407 1057 471 Areopagita
1076 421 1122 465 4.
1139 422 1272 452 aevum
1285 421 1485 452 aevorum.
1553 406 1656 462 Alij
1690 407 1859 455 dicent
1885 423 2056 473 perpe.

77 484 132 531 1„
153 495 193 539 5,
211 482 260 525 de
321 484 469 520 tuum
488 471 625 522 hodie,
648 472 764 534 quia
783 469 884 518 sine
902 470 1076 519 futuro
1095 482 1243 532 atque
1259 470 1533 533 praetcrito:
1556 468 1772 518 Annum
1790 485 2058 535 magnum,

75 545 221 600 conffll.
324 536 374 584 &
390 546 559 583 tamen
583 533 972 582 inextricabilem
991 531 1494 594 annulumquiafine
1514 534 1761 580 termino:
1785 534 2059 584 Oceanum

77 608 193 653 Phil,
324 595 462 646 nulla
483 597 656 646 bolide
679 593 1074 661 investigabilem
1093 630 1105 650 ,
1130 598 1246 659 quia
1265 595 1365 643 fine
1388 594 1577 644 fundo:
1606 594 1838 658 ‚abyffum
1864 595 1965 645 fine
1987 598 2062 646 lu-

69 671 179 732 profi
194 671 239 719 6,
327 676 385 709 ce
410 694 424 715 ,
455 672 747 726 perpetuam
790 660 997 709 nostem
1037 660 1137 708 sine
1176 659 1255 707 die
1277 691 1291 713 ,
1321 660 1620 770 principium
1648 658 1749 707 sine
1783 661 1938 723 princi
1976 662 2056 709 io:

176 748 219 791 3,
327 724 563 787 sphaeram
585 723 685 772 line
703 723 802 772 fine
819 757 832 777 ,
884 738 1033 786 atque
1059 725 1219 771 initio.
1346 722 1446 778 Alij
1522 721 1870 786 ieroglyphico
1912 725 1944 771 il
1967 738 2055 772 am

74 801 165 844 Ser.
189 811 228 844 1.
244 797 292 841 cle
325 788 575 837 schemate
596 787 990 836 adumbrabunt:
1029 802 1163 835 nunc
1187 785 1431 834 circulum
1451 798 1759 849 proponent,
1786 786 1924 843 cujus
1945 801 2060 836 cen-

77 864 211 909 0.SS.
327 863 463 900 trum
484 851 648 911 semper
665 883 678 905 ,
706 851 1108 899 circumferentia
1138 864 1376 910 nunquam.-
1429 863 1566 896 nunc
1593 847 1933 912 labyrinthum
1957 849 2062 898 for·

169 936 218 982 4,
326 914 539 963 mabunt
557 929 677 963 cum
704 914 970 965 lemmate,
997 913 1087 973 fine
1111 915 1256 959 exitu.-
1293 909 1460 960 modi)
1490 925 1708 974 anguem
1730 913 1978 975 gyrabunt
2004 914 2061 960 in

75 987 133 1032 L,
153 1000 226 1032 10,
243 985 293 1031 de
325 977 547 1026 orbitam
567 976 659 1026 hac
682 974 981 1041 syngrath
1017 974 1089 1021 ubi
1107 975 1276 1033 definit,
1299 976 1476 1033 incipit:
1506 970 1678 1021 mode
1702 989 1847 1021 axem
1865 975 2059 1038 suspen-

73 1049 289 1097 Div‚n0m
323 1040 469 1093 dent,
487 1043 616 1088 circa
635 1054 790 1101 quam
812 1042 1020 1101 agitatur
1039 1037 1333 1089 saeculorum
1357 1037 1594 1082 omnium
1615 1048 1723 1083 rota
1740 1068 1753 1088 ,
1778 1037 1880 1085 hoc
1899 1036 2060 1085 hemi-

322 1099 524 1151 stichio:
560 1105 606 1146 in
630 1116 749 1146 omne
771 1100 972 1144 volubiln
987 1114 1148 1143 aevum:
1185 1113 1320 1144 nunc
1334 1096 1561 1158 Hydram
1573 1095 1764 1159 fingent
1782 1098 2060 1163 septempli-

321 1179 434 1212 cem
465 1159 616 1210 isthac
647 1161 938 1224 epigraphes
975 1160 1069 1205 calm
1089 1161 1299 1207 moritur,
1329 1172 1493 1203 oretur.-
1531 1173 1666 1206 nunc
1692 1159 1891 1208 fontem
1909 1177 2061 1210 mon-

320 1223 570 1277 strabunt,
593 1224 737 1272 undis
768 1237 855 1288 per
873 1221 1163 1271 Maeandros
1197 1218 1448 1269 continue
1479 1220 1667 1275 refluis»,
1693 1222 1929 1278 adjuncto
1961 1227 2060 1288 epi-

320 1288 661 1353 phonemate,
689 1284 859 1345 fluant,
885 1298 936 1332 nt
967 1283 1173 1346 refluant:
1209 1283 1330 1333 lileo
1354 1284 1521 1349 plura,
1547 1286 1662 1348 quia
1682 1289 1782 1348 quid
1812 1288 1913 1350 quid
1940 1288 2060 1333 dixe-

324 1354 415 1398 rint
430 1386 442 1404 ‚
464 1353 603 1401 minus
624 1351 782 1396 dicunt.

449 1414 648 1465 LEUC:
717 1409 834 1463 Irni>
861 1412 982 1461 nihil
1007 1413 1194 1467 dicunt,
1212 1412 1313 1461 hoc
1334 1413 1344 1460 i
1386 1412 1457 1465 fo,
1470 1427 1602 1467 reor,
1616 1413 1761 1476 quod
1782 1414 1968 1477 aliquid
1988 1415 2061 1463 di·-

326 1490 465 1527 cant:
517 1492 638 1525 nam
669 1488 723 1524 ut
749 1473 922 1539 argute
956 1488 1100 1523 notat
1131 1477 1334 1524 celebr-5·
1362 1479 1484 1524 'nter
1515 1478 1790 1541 Scriptores
1815 1481 2057 1531 Nomen,

72 1544 218 1590 Drex.
239 1539 272 1585 l.
328 1539 494 1588 minus
514 1541 737 1603 capimus
764 1541 1114 1592 aeternitatem,
1140 1538 1173 1586 fi
1192 1539 1433 1594 dicamus,
1454 1541 1576 1602 quid
1595 1540 1674 1594 fit,
1697 1540 1852 1604 quam
1876 1540 1909 1589 si
1931 1543 2062 1590 dica-

73 1606 123 1650 ele
135 1616 248 1651 aeter.
326 1618 439 1651 mus
455 1635 467 1655 ,
493 1602 614 1664 quid
639 1617 747 1650 non
768 1600 846 1649 fit:
884 1598 953 1649 est
981 1601 1085 1649 htec
1108 1603 1356 1664 paradoxa
1381 1619 1549 1650 rerum
1579 1616 1876 1652 aeternarum
1900 1606 2059 1653 Natu-

326 1681 407 1719 ra,
432 1678 486 1714 ut
512 1678 633 1713 tunc
667 1663 889 1728 primum
919 1665 1151 1718 sciamus,
1173 1665 1294 1727 quid
1326 1664 1445 1719 fint,
1475 1666 1683 1726 quando
1715 1666 1915 1716 scimus,
1938 1666 2061 1728 quid

325 1744 435 1776 non
458 1727 566 1776 sint.
635 1729 790 1775 MEL:
870 1729 1035 1777 Placet
1053 1727 1446 1781 animadverfio,
1483 1743 1593 1790 quae
1614 1761 1627 1780 ,
1663 1725 1715 1776 ni
1735 1728 1881 1782 falor,
1904 1725 1931 1777 ὲ
1953 1731 2069 1779 Na‹·

326 1793 549 1840 zianzeni
578 1792 788 1854 Ingenio
812 1790 951 1840 fluxit
973 1809 982 1838 :
1031 1806 1149 1839 nam
1171 1791 1286 1839 huic
1312 1792 1552 1839 :eternitas
1575 1803 1772 1855 tempus
1797 1788 1865 1839 est
1886 1825 1900 1845 ,
1944 1789 2056 1841 im&

325 1855 490 1905 fallor,
517 1866 681 1913 tempus
701 1870 780 1898 non
807 1853 875 1907 est,
893 1871 964 1900 nec
982 1865 1080 1913 pars
1099 1858 1298 1914 temporv's
1319 1856 1417 1900 ulla.
1498 1856 1556 1902 In
1580 1868 1689 1916 quae
1711 1855 1862 1903 Verba
1876 1856 2057 1904 Hiero-

325 1918 496 1982 graphi
518 1919 843 1965 aeternitatem
865 1915 992 1967 mira
1012 1917 1285 1981 paraphrasi
1298 1951 1310 1970 ,
1333 1916 1413 1965 sed
1433 1916 1533 1965 fine
1556 1916 1732 1970 auxeli,
1747 1931 2056 1982 exaggerant.

328 1983 476 2044 Finge
491 2013 501 2033 ‚
533 1980 686 2037 (nam
705 1982 756 2027 in
768 1979 973 2028 fictione
996 1981 1133 2028 nulla
1157 1978 1238 2030 liic
1259 1980 1396 2029 fietio
1413 1979 1578 2044 >finge
1593 2013 1606 2034 ,
1642 1979 1764 2028 sicut
1784 1980 1871 2029 fibi
1891 1983 2056 2030 Bona-

331 2057 566 2095 ventura,
602 2043 727 2092 dum
745 2045 957 2097 viveret,
993 2042 1132 2092 finxit
1158 2040 1400 2094 veriffime
1424 2045 1556 2092 mala
1577 2056 1811 2092 ventura:
1848 2042 1982 2092 finoe
2001 2045 2058 2092 ti-

332 2106 412 2157 bi,
447 2107 680 2167 inquam,
717 2109 823 2154 orci
843 2109 1181 2169 mancipium,
1216 2107 1359 2170 quod
1378 2122 1515 2155 anno
1530 2122 1638 2155 non
1661 2082 2055 2159 nificenteffmm

333 2184 485 2217 unam
513 2170 711 2216 unicam
736 2185 791 2216 ex
814 2172 973 2219 oculis
994 2169 1136 2218 stillet
1153 2171 1483 2233 lacrymulam
1513 2187 1527 2222 3
1564 2166 1707 2218 stillet
1728 2171 2054 2225 nihilominus

331 2246 418 2295 per
440 2243 517 2278 tot
541 2246 793 2279 annorum
819 2236 1060 2282 centurias
1082 2267 1095 2287 ,
1141 2234 1265 2282 dum
1294 2233 1501 2281 tandem
1531 2233 1801 2282 immensus
1832 2233 2057 2293 adaeque-

331 2308 410 2342 tur
431 2294 689 2342 Oceanus:
714 2294 834 2342 heu!
871 2310 1000 2357 quot
1017 2312 1125 2345 non
1147 2313 1402 2345 annorum
1422 2297 1666 2360 myriades
1685 2296 1776 2344 sese
1798 2295 2053 2349 evolvent,

329 2356 455 2405 dum
475 2356 554 2405 vel
579 2358 752 2404 unicus
773 2359 982 2413 rivuluS,
1004 2375 1068 2407 ne
1082 2360 1272 2414 dicam,
1287 2372 1424 2409 totus
1445 2362 1681 2410 Oceanus
1700 2357 1984 2421 impleatur!
2001 2361 2053 2409 ὃς

332 2433 528 2472 tamen,
553 2417 638 2467 etfi
657 2433 764 2466 non
789 2435 912 2468 unus
926 2454 939 2474 ,
974 2422 1057 2470 sed
1078 2435 1283 2471 centum
1299 2457 1312 2477 ,
1327 2422 1411 2472 etsi
1426 2439 1535 2472 non
1549 2434 1770 2472 centum,
1799 2419 1880 2467 sed
1900 2421 2054 2476 mille,

331 2479 444 2531 ime>
462 2480 778 2555 millioneiies
798 2483 933 2531 mille
955 2485 1236 2550 repleantur
1258 2488 1469 2539 Oceani,
1485 2502 1547 2534 an
1562 2485 1882 2532 aeternitatem
1897 2498 2056 2545 aequa-

331 2545 403 2598 bis
427 2548 443 2597 Ξ
477 2546 718 2601 minime:
771 2546 992 2600 necdum
1015 2563 1065 2602 es
1091 2549 1289 2603 mensus
1309 2551 1508 2602 initium
1530 2579 1545 2605 ,
1580 2547 1777 2596 tantum
1799 2544 1963 2661 abest11
1999 2561 2052 2596 ut

1951 2624 1990 2659 is
