2175 2911
92 597 309 661 Rudolphi

90 667 163 715 II.
186 666 291 712 Ma-

89 727 225 778 them.

404 117 495 164 208
1018 117 1198 181 oedipus
1220 118 1427 181 Phyficus.

342 210 519 266 Urbes,
541 214 594 264 ὃς
612 212 843 279 Oppida,
865 210 899 263 si
928 213 1164 281 deglutit,
1186 217 1409 266 arescunt
1436 216 1670 272 flumina;
1708 216 1744 269 fi
1766 216 1979 274 emetat,
2001 235 2090 270 vo-

340 277 437 324 mit
455 274 1196 336 diluvia‚morbos‚!sterilitate3‚
1212 283 1262 329 &
1280 278 1577 344 pestilentias
1597 300 1608 329 :
1643 285 1695 333 ὅ(
1713 282 1834 346 quid
1857 283 1920 331 ad
1941 297 2091 331 mon-

340 334 497 387 strum
520 339 621 390 hoc
635 341 863 406 Oedipus
876 340 1135 406 Physicus?
1203 345 1359 390 MEL:
1427 347 1706 401 Tremerct,
1730 345 1816 395 nisi
1835 345 1969 395 foret
1983 345 2094 395 Phi-

338 401 605 468 losophus,
633 406 786 467 quiin
807 406 1037 469 Peripato
1066 407 1268 457 assuevit
1297 403 1547 457 monstris.
1615 410 1892 474 Gigantum
1917 410 2095 457 Paren-

338 476 445 513 tem
466 463 697 531 graphice
726 467 1006 533 descripsisti
1035 469 1128 519 hac
1157 469 1386 534 apodixis
1431 471 1720 527 Tellurem,
1745 470 1950 535 ejusque
1980 487 2095 520 mo-

340 539 417 578 tus
441 528 659 595 designat
680 530 783 580 hoc
796 534 1247 599 Hieroglyphicum
1262 532 1476 587 schema,
1490 536 1634 596 quod
1658 551 1745 599 per
1769 534 1970 584 effeetus
1989 534 2092 583 bel-

339 586 385 640 le
404 591 591 657 Sphinx
612 594 943 644 adumbravit.
1011 597 1306 647 Penicillum
1321 630 1335 651 ,
1355 612 1500 652 reor,
1526 600 1777 648 mutuavit
1805 595 1834 647 ὲ
1855 598 2091 662 Koplero

339 656 596 718 quodam,
615 670 700 708 aut
722 659 1066 725 Campanella,
1082 664 1168 725 qui
1191 675 1301 709 non
1319 657 1490 711 modo
1511 662 1756 716 calorem,
1777 663 1827 711 δί
1849 661 2003 726 frigus
2023 662 2093 711 vi-

337 733 456 768 vere
479 718 660 776 asserit,
684 721 766 770 sed
794 726 944 773 etiam
967 736 1153 774 tertam
1179 726 1359 776 Animal
1377 723 1472 773 effe
1493 725 1783 775 contendit,
1808 727 1858 774 &
1880 724 2088 787 quidem

337 785 577 838 rationale,
597 786 734 842 cujus
762 787 845 851 pili
865 787 974 836 sunt
992 804 1231 844 nemora,
1256 789 1402 852 quod
1433 786 1518 836 ubi
1550 788 1792 852 conspicit
1817 784 2091 838 Astrorum

336 844 451 894 fitus
466 879 478 899 ,
502 851 697 901 tremit,
722 851 772 899 ὃς
796 850 840 898 se
863 853 1159 907 conturbat,
1180 851 1208 903 ὲ
1225 851 1555 917 pulmonibus
1578 853 1766 901 eructat
1785 863 1993 905 ventos,
2018 851 2094 900 fu.

335 909 417 962 rit,
437 911 488 959 ὃ(
509 908 600 958 suis
625 909 838 961 hiatibus
861 912 1092 963 absorbet
1121 917 1314 967 cunsta.
1370 915 1471 964 En!
1509 915 1917 978 Morologorum
1941 915 1991 961 in
2006 916 2095 963 Pe.
2168 944 2170 961 2

340 972 503 1034 ripato
524 972 742 1022 somnia:
795 975 877 1023 sed
907 993 1003 1024 nos
1029 981 1341 1026 imitabimur
1365 979 1466 1032 jam
1493 980 1814 1030 Homerum,
1835 980 1888 1026 ὅς
1910 991 1967 1025 ex
1995 978 2092 1026 En·

336 1036 545 1082 niorum
582 1035 834 1089 ejusmodi
857 1037 1058 1086 faecibus
1081 1054 1262 1087 aurum
1279 1039 1594 1101 colligamus.
1678 1040 1973 1086 Innumeras
1997 1040 2094 1088 cla·
2167 1036 2169 1102 j

337 1095 422 1144 des
445 1095 473 1144 ὲ
493 1098 658 1145 Terrae
684 1097 908 1147 motibus
931 1099 1137 1149 Mundo
1168 1101 1363 1154 allatas,
1391 1114 1552 1149 nemo
1577 1099 1757 1154 nescit,
1781 1100 1868 1148 nisi
1895 1103 1982 1162 qui
2010 1103 2090 1151 vel
2166 1107 2168 1117 '

335 1159 496 1224 ipsum
517 1158 668 1208 nescit
685 1156 913 1210 Historiae
934 1177 1154 1212 nomen.-
1192 1164 1412 1213 clamant
1432 1158 1461 1211 ὲ
1479 1163 1844 1226 tumulis,quos
1864 1165 2009 1212 vivos
2028 1165 2093 1212 se-

333 1220 474 1287 peliit
494 1233 641 1275 terra,
661 1224 922 1289 &integra
935 1227 1114 1291 Regna
1134 1227 1246 1276 solo
1265 1237 1457 1289 aequata
1482 1225 1710 1280 afferunt,
1732 1222 1850 1274 tristi
1868 1226 1970 1275 hoc
1981 1228 2092 1301 Epi-

334 1284 539 1348 taphio‚
567 1300 726 1334 arcnae
755 1289 1017 1353 inscripto:
1084 1291 1179 1337 Hic
1204 1289 1280 1337 ubi
1308 1290 1441 1349 Troja
1460 1288 1613 1343 stetit,
1640 1288 1779 1343 trtstes
1808 1289 1929 1336 mod&
1957 1307 2091 1338 cernu·
2160 1311 2161 1317 ¹

334 1347 497 1402 arzstas.
570 1348 740 1398 'Certe
770 1366 984 1415 magnos
1013 1354 1336 1418 ingeniorum
1367 1365 1541 1403 motus
1573 1350 1847 1402 excitarunt
1874 1352 1927 1401 hi
1950 1364 2088 1403 tetrae

332 1424 534 1460 motus:
569 1409 703 1461 adeo
723 1411 924 1464 difficile
945 1412 1041 1471 est,
1061 1416 1208 1466 rebus
1231 1420 1383 1466 etiam
1404 1418 1564 1471 certis,
1585 1417 1723 1465 suam
1743 1413 1953 1466 statuere
1978 1432 2091 1466 cau·
2152 1438 2156 1449 ·

333 1474 456 1546 stim,
479 1489 540 1544 ac
557 1474 816 1549 physicam·
828 1478 1050 1554 genesin!
1086 1480 1424 1529 Daemonibus
1442 1479 1538 1529 hos
1560 1493 1729 1529 motus
1748 1479 1976 1530 adscribit
1994 1480 2090 1555 Bo-

336 1537 498 1591 dinus,
512 1538 592 1585 led
611 1538 878 1590 humanius
904 1541 1337 1607 philosopharetur
1350 1542 1417 1598 ‚si
1435 1542 1536 1591 fine
1557 1545 1827 1593 Daemone.
1895 1545 2089 1606 Stagiri-

333 1613 383 1649 ta
413 1601 528 1650 illos
565 1602 785 1651 attribuit
816 1604 1138 1654 subterraneis
1170 1609 1358 1660 ventis,
1386 1607 1465 1657 vel
1495 1606 1733 1679 spiritibus
1768 1607 2007 1662 amentis,
2036 1611 2088 1660 <Sc
2118 1617 2119 1621 ’

335 1667 622 1713 concitatis:
661 1678 928 1729 utramque
952 1668 1149 1718 causam
1169 1669 1313 1719 simul
1333 1667 1535 1719 adstruit
1548 1670 2090 1735 Maurus‚Philosopho

336 1728 512 1791 dignus
533 1729 799 1793 interpres:
846 1731 914 1779 illi
945 1736 1181 1782 omnium
1213 1730 1435 1798 optime,
1456 1735 1541 1797 qui
1571 1733 1714 1792 hujus
1745 1733 2087 1799 phoenomeni

336 1790 538 1855 genesin
562 1791 819 1842 deducunt
838 1809 894 1841 ex
919 1797 1040 1844 ae'tis
1062 1799 1327 1851 concitati,
1352 1812 1408 1845 ac
1429 1799 1480 1846 in
1497 1810 1636 1846 terrae
1655 1794 1913 1862 gurgustiis
1939 1799 2088 1846 inter-

339 1858 470 1919 cepti
508 1856 751 1905 violcntia
774 1872 880 1919 :dex
900 1856 1083 1907 affluxu
1102 1859 1358 1924 spirituum
1373 1894 1385 1915 ‚
1406 1863 1457 1911 ὃς
1490 1861 1866 1909 exhalationum
1881 1894 1895 1915 ,
1914 1876 2023 1923 quae
2039 1861 2086 1910 se

338 1913 368 1968 ὲ
394 1918 644 1985 catadupis
674 1920 995 1969 subterraneis
1029 1923 1219 1972 levant:
1271 1939 1363 1972 nec
1388 1939 1498 1973 non
1523 1940 1580 1972 ex
1607 1926 1800 1989 ignium
1823 1925 1986 1989 copia,
2000 1926 2085 1986 qui

337 1984 390 2031 in
413 1981 779 2047 pyrotechnicis
800 1983 1042 2049 hypogeis
1073 1987 1309 2035 coarstati
1324 2020 1336 2039 ‚
1359 1989 1547 2037 exitum
1572 1999 1828 2050 quaerunt,
1852 2003 1910 2036 ac
1937 1989 2089 2039 colle-

336 2045 420 2094 ἃο
453 2050 645 2111 impetu
675 2058 869 2095 tentant
904 2051 1247 2113 eruptionem:
1284 2046 1512 2113 equibus
1547 2051 1646 2108 jam
1672 2051 1848 2115 sponte
1874 2051 2087 2114 sequitut

338 2121 476 2158 terrae
501 2122 855 2172 motus‚quem
879 2110 973 2159 effe
993 2112 1282 2174 concuffionem
1302 2113 1331 2160 ἀ
1354 2115 1509 2173 copioffi
1533 2115 1689 2166 halitu,
1702 2114 1874 2174 spiritu,
1897 2117 1953 2162 (φ
1971 2118 2081 2176 igne,

337 2170 567 2231 vifierihus
589 2185 710 2219 terrae
738 2174 911 2229 inclusi),
933 2190 983 2219 ac
1007 2177 1129 2222 viam
1147 2187 1229 2237 per
1255 2179 1347 2224 vim
1356 2176 1442 2236 fibi
1464 2181 1684 2238 aperiente
1694 2176 1885 2236 fhHam,
1911 2182 2084 2228 unani-

339 2238 411 2286 mi
444 2235 640 2284 calculo
673 2247 809 2283 tenet
841 2236 1176 2304 Philosophia.
1274 2241 1586 2306 Analogiam
1617 2240 1838 2305 praebent
1867 2243 2084 2291 cuniculi

339 2299 580 2351 bellici‚in
602 2297 780 2360 quibus
808 2299 840 2346 fi
861 2301 1119 2362 pulverem
1138 2306 1337 2367 pyrium
1357 2305 1597 2353 accendat
1617 2304 1886 2359 Mulciber,
1901 2317 2082 2352 terram

340 2363 499 2426 quatit
514 2394 528 2415 ‚
550 2354 808 2422 turresque
831 2367 1030 2417 evertit,
1055 2381 1112 2413 ac
1147 2369 1539 2431 propugnacula.
1639 2367 1962 2417 Confirmant
1976 2365 2080 2417 hoc

340 2425 500 2490 ipsum
520 2424 747 2489 Spiritus,
767 2424 816 2470 in
836 2426 947 2473 a'e're
973 2429 1333 2478 tumultuantes
1347 2463 1360 2483 ‚
1384 2433 1471 2494 qui
1490 2446 1598 2480 non
1625 2430 1741 2481 raro
1761 2429 1934 2479 cundia
1956 2427 2081 2481 disii-

340 2491 495 2542 ciunt‚
514 2488 632 2538 &in
647 2486 861 2535 Oceano
882 2502 1050 2537 creant
1073 2490 1346 2542 saevissimas
1367 2493 1696 2558 tempestates.
1761 2491 1860 2541 Sed
1877 2490 1983 2538 haec
2006 2489 2081 2539 so·

335 2550 614 2604 lummodo
637 2548 887 2614 symbola,
910 2565 1019 2615 qua:
1045 2554 1327 2620 spectaculo
1349 2558 1490 2609 velut
1518 2555 1790 2608 umbratili,
1824 2552 2078 2666 iffilbgsuexv

2167 997 2171 1032 l
