2175 2911
75 1093 120 1141 S.
135 1093 238 1139 Leo.

77 1157 160 1216 Ep.
178 1168 256 1213 71.

75 1220 132 1263 L.
163 1220 213 1264 de

74 1281 185 1330 Idol.

73 1972 169 2030 Sap.
183 1980 228 2028 7.

395 132 458 177 40
1005 116 1250 178 Diphthera
1262 113 1410 178 Jow's.

324 222 474 257 nonae
495 202 741 260 sterilitas,
763 203 933 255 sanitas
949 237 961 258 ‚
986 206 1186 259 morbi,
1223 221 1280 254 ac
1309 205 1592 268 frequentes
1616 215 1807 254 mortes
1835 207 2082 272 originem

327 270 529 319 ducant.
600 271 729 320 Non
751 270 888 318 illam
907 283 1064 332 arguo
1087 267 1417 333 Philosophia:
1441 270 1713 318 amabilem
1734 269 1923 318 sociam
1938 304 1951 324 ,
1972 287 2082 334 quae

326 349 383 382 cx
404 333 620 383 siderum
637 333 876 387 motibus,
893 333 1136 382 concursu
1149 364 1161 385 ,
1187 332 1395 380 o-:cursu
1407 364 1420 386 ,
1440 345 1557 382 ortu
1570 346 1718 395 atque
1734 332 1930 387 occasu,
1947 350 2084 385 nunc

325 410 563 462 tempora
595 400 645 447 ὃς
672 396 879 461 Eclipses
904 396 1131 445 observat
1153 413 1164 440 .·
1211 409 1345 442 nunc
1370 393 1491 444 vcro
1515 397 1704 460 pluvias
1720 431 1730 447 ‚
1753 397 1942 445 calores
1959 431 1974 452 ,
2003 398 2085 447 fri-

322 476 466 526 gora,
488 460 720 510 siccitates
735 494 748 515 ,
767 472 944 510 ventos
960 492 972 513 ,
999 458 1214 520 aliasque
1238 460 1358 505 aeris
1382 460 1687 508 mutationes
1711 460 1954 523 agricolis,
1975 462 2081 510 Me-

325 526 469 579 dicis,
495 541 552 573 ac
566 525 825 575 Nauclcris
847 526 1139 588 praenuntiat
1160 540 1170 568 z
1208 537 1314 570 non
1330 524 1570 583 ,inquam
1592 555 1605 575 ,
1630 519 1934 587 Astrologiae
1965 523 2083 574 huic

327 589 469 636 litem
495 589 734 642 intendo,
770 603 924 650 quam
943 587 1004 636 ab
1037 586 1234 634 cruditis
1260 587 1311 632 in
1329 588 1488 648 preti-0
1513 584 1736 634 habitam
1753 619 1764 639 ,
1786 602 1880 635 nec
1903 586 2083 643 semel,

325 653 446 701 DEI
473 654 625 700 etiam
656 651 853 701 calculo
882 650 1145 716 probatam
1168 683 1180 701 ,
1217 650 1244 705 ii
1261 648 1424 698 solum
1452 650 1849 704 calumniantur,
1877 651 1964 712 qui
1991 664 2084 700 ter-

323 717 496 765 minos
520 718 632 765 artis
645 749 658 769 ,
681 716 804 765 ultra
816 730 945 778 quos
957 715 1000 763 se
1016 712 1426 762 extenderenefas
1443 709 1509 760 est
1524 746 1534 765 ,
1555 715 1791 777 ignorant
1807 731 1816 760 :
1834 712 1912 761 sed
1926 715 2082 769 illam,

324 779 566 828 litterario
595 779 736 829 Orbe
750 812 763 832 ‚
798 779 850 827 in
878 779 1052 842 longas
1073 778 1285 841 Gyaros,
1316 775 1537 824 exactam
1557 777 1711 826 velim
1727 810 1739 830 ‚
1760 792 1868 840 quae
1889 773 1915 826 ὲ
1935 777 2085 828 Chal-

327 842 557 892 daeorum
572 878 582 894 ,
612 840 951 905 Arabumque
972 841 1253 896 insomnijs,
1275 855 1333 887 ac
1350 836 1693 903 superstitione
1713 841 1902 889 coaluit
1921 857 1934 893 3
1971 854 2082 903 quae

322 905 642 970 horoscopos
664 906 938 959 ardentius,
977 904 1130 967 quam
1154 919 1238 978 par
1262 900 1356 954 est,
1379 905 1579 964 inquirit
1594 919 1607 954 3
1644 918 1754 965 quae
1775 905 2081 967 garritinsul-

321 969 368 1017 sa
391 969 452 1017 de
467 970 822 1023 matrimoniis,
859 985 917 1017 ac
949 968 1110 1029 jurgiis
1133 970 1429 1029 >xantippem
1467 982 1575 1027 quae
1603 966 1664 1013 dc
1687 966 1966 1015 liberorum
1993 983 2085 1015 nu-

319 1047 492 1085 mero,
515 1032 575 1079 dc
597 1031 852 1079 itineribus
867 1062 878 1083 ,
910 1030 1086 1085 divitiis
1103 1061 1115 1080 ,
1143 1029 1356 1075 fortunis
1373 1059 1383 1078 ,
1421 1029 1702 1082 infortuniis
1717 1061 1730 1080 ,
1752 1029 1813 1076 dc
1836 1029 2080 1092 dignitati-

318 1095 428 1148 bus,
453 1089 660 1155 alii'squc
677 1093 995 1157 pronuntiat3
1043 1105 1153 1151 quae
1175 1087 1388 1146 fatalibus
1406 1091 1542 1134 stellis
1563 1092 1725 1133 animos
1746 1092 1959 1137 hominum
1974 1127 1986 1142 ,
2025 1095 2083 1141 Θ

317 1170 495 1217 corpora
517 1155 739 1214 adstringit
751 1176 767 1207 ,-
814 1151 1074 1216 quamque
1097 1151 1316 1198 Idolorum
1337 1151 1557 1198 cultricem
1589 1164 1866 1215 agnoverat
1885 1154 2081 1218 pridem

318 1217 542 1269 Ecclcfiae
565 1219 810 1281 primaevae
831 1215 1002 1270 Sidus,
1034 1214 1387 1264 Tertullianus,

444 1282 643 1333 LEUC:
713 1279 923 1341 Quaeso,
946 1277 1248 1327 enucleatius
1270 1277 1433 1343 separa
1455 1277 1728 1342 pretiosum
1743 1277 1889 1329 avili:
1927 1281 2077 1336 doce,

317 1361 551 1410 quaenam
564 1341 870 1409 Astrologiae
894 1343 1097 1392 oracula
1111 1341 1267 1390 fidem
1287 1354 1574 1390 mercantur
1587 1343 1824 1406 aliquam,
1846 1360 2080 1406 quaenam

314 1410 537 1459 nullam?
573 1410 757 1473 quippe
781 1409 918 1461 sunt,
943 1407 1028 1468 qui
1050 1420 1266 1455 omnem
1292 1405 1530 1454 omnibus
1552 1419 1765 1470 negant,
1802 1410 1851 1457 ὅ(
1874 1408 2079 1464 contra,

313 1475 401 1536 qui
422 1487 637 1521 omnem
649 1471 888 1520 omnibus
911 1470 1165 1523 tribuunt,
1196 1470 1297 1532 pari
1329 1470 1483 1517 credo
1514 1471 1966 1524 errore,veletiam
1986 1474 2080 1521 im-

317 1539 449 1600 pari,
486 1537 602 1598 quia
633 1537 803 1599 priore
825 1535 1035 1583 innoxio
1055 1566 1069 1587 ,
1106 1531 1381 1597 posteriorc
1413 1535 1712 1597 pernicioso.
1825 1534 1972 1584 Crisis
1995 1547 2081 1585 tua

315 1599 559 1653 mediam,
581 1613 735 1660 quam
748 1595 954 1646 tenuere
974 1596 1120 1650 beati,
1138 1593 1438 1645 monstrabit
1456 1596 1698 1645 semitam.
1766 1601 1925 1645 MEL:
1961 1602 2081 1648 Tria

315 1663 450 1715 sunt,
473 1664 523 1710 in
536 1662 716 1724 quibus
738 1661 771 1710 si
791 1660 956 1710 minus
979 1660 1240 1713 audiendi,
1275 1659 1445 1707 saltem
1467 1675 1576 1706 non
1603 1662 1970 1709 contemnendi
1997 1662 2077 1710 vel

314 1725 697 1775 condemnandi
724 1725 833 1773 sunt
855 1721 1188 1787 Astrologicae
1209 1724 1389 1786 Magiae
1413 1723 1630 1770 cultores
1654 1740 1663 1770 :
1718 1739 1835 1771 nam
1858 1739 1940 1777 ea,
1966 1738 2077 1785 quae
2155 1720 2157 1730 '

317 1805 376 1838 ex
394 1788 635 1838 Siderum·
651 1801 802 1837 motu
820 1783 1018 1853 praecise
1040 1787 1278 1851 pendent,
1298 1789 1370 1834 uti
1385 1785 1592 1850 Eclipses
1607 1819 1620 1840 ,
1634 1784 1829 1850 aliaque
1851 1789 1900 1835 in
1915 1786 2075 1836 Astris
2152 1782 2155 1805 ²

315 1853 678 1907 Phaenomma,
700 1848 1040 1901 Astronomia
1061 1850 1205 1903 duce,
1227 1850 1493 1915 praedicant
1514 1852 1726 1914 augurio
1749 1851 1900 1897 etiam
1913 1862 2072 1905 certo,

318 1916 640 1966 &infallibili.
709 1912 872 1981 Qod
899 1913 1164 1978 sicuipiam
1178 1913 1353 1962 datum
1375 1911 1515 1966 effet,
1538 1913 1682 1975 quod
1698 1910 2073 1963 datumaDEO

316 1979 551 2043 legimus,
579 1982 782 2044 Regum
803 1977 1188 2042 Sapientii‘fimo,
1209 1974 1349 2026 noffc
1371 1973 1551 2025 scilicet
1570 1979 1672 2022 anni
1696 1975 2074 2033 curfia,&stella-
2145 1998 2148 2003 ¹

318 2058 413 2088 rum
435 2042 709 2103 diffiofitiones
725 2078 738 2094 ‚
773 2055 1008 2090 naturam
1040 2054 1190 2103 atquc
1213 2042 1563 2105 proprietates,
1591 2055 1666 2088 nae
1690 2041 1772 2088 ille
1798 2055 1855 2088 cx
1875 2040 2073 2104 tripode

316 2102 425 2155 satis
447 2117 587 2153 certo
615 2106 899 2169 praediceret
925 2117 1107 2155 ventos
1131 2108 1180 2155 ὅ(
1209 2105 1398 2168 pluvias
1414 2138 1426 2159 ,
1450 2102 1669 2167 aliasque
1689 2106 1813 2152 a'eris
1834 2105 2071 2151 mutatio-

315 2183 428 2223 nes,
458 2168 725 2216 accedente
747 2166 990 2234 praecipue
1010 2165 1307 2234 experientia
1328 2165 1555 2232 propria,
1576 2168 1657 2217 vel
1680 2163 1866 2221 aliena,
1889 2180 1987 2228 qua
2010 2166 2075 2214 ad

317 2231 530 2282 oculum
554 2231 779 2292 quotidie
803 2233 1073 2287 erudimur,
1089 2229 1115 2281 ὲ
1134 2234 1276 2283 vario
1295 2231 1527 2281 Siderum
1546 2231 1757 2295 aspestu,
1776 2231 1929 2278 varias
1952 2229 2070 2278 oriri

319 2293 666 2343 vicissitudines
690 2296 739 2341 in
761 2295 1114 2345 sublunaribus.
1214 2295 1314 2344 Sed
1335 2295 1500 2345 nolim
1522 2293 1596 2344 his
1625 2309 1722 2357 ego
1743 2289 2072 2355 syngrapham

323 2357 462 2408 dare,
480 2358 716 2428 imperitis
740 2353 766 2405 ὲ
792 2357 960 2406 schola
979 2360 1145 2408 Samia
1166 2359 1360 2412 Sciolis,
1385 2361 1471 2421 qui
1494 2358 1618 2406 dum
1637 2356 1729 2406 sese
1744 2354 2068 2403 Calendario-

324 2420 540 2486 graphos
563 2419 794 2477 jastitant,
818 2421 1113 2485 plerumque
1139 2438 1248 2471 non
1278 2421 1367 2471 nisi
1395 2417 1753 2487 phantasticam
1783 2415 1975 2465 cudunt
1996 2418 2066 2466 Si-

321 2485 504 2533 derum
531 2483 776 2549 syntaxin,
799 2498 893 2531 nec
921 2497 1214 2550 temporum
1241 2488 1400 2540 vices,
1423 2484 1510 2533 nifi
1537 2482 1601 2531 ad
1628 2480 1904 2529 lunaticum
1934 2496 2068 2529 cere-

320 2547 398 2598 bri
420 2546 841 2600 suibarometron
871 2550 1162 2601 metiuntur.
1259 2547 1513 2599 Caeterum
1531 2542 1987 2656 influxusSiderpr?
2011 2545 2064 2594 in

1912 2623 1943 2656 u
1980 2637 1998 2646 -
