2175 2911
109 756 268 802 Bocau.

111 1385 148 1419 c,
166 1378 239 1427 32·

120 1644 330 1696 15.meta.

119 1956 301 2006 Ibidem.

415 134 511 192 176‘
1005 133 1214 183 Ariadne
1239 132 1427 194 Physica.

347 242 453 281 cres
477 230 803 297 sepeliverint‚
819 235 989 284 ae‘rcm
1003 230 1402 282 obtenebrarint,
1419 228 1792 279 obscuraverint
1803 228 2102 295 Cynthium.

343 295 395 343 ὅ(
415 295 564 358 usque
584 299 636 347 in
654 298 913 353 Africam,
949 297 1140 358 Syriam
1164 331 1176 351 ,
1213 293 1546 357 Romamque
1568 294 1720 359 ipsam
1741 295 1894 343 veluti
1919 310 2106 360 praeco-

341 371 430 408 nes
454 363 760 424 poenitentiae
797 360 1116 427 pervolarint.
1187 359 1449 409 Abeamus
1470 357 1788 411 Leucothee‚
1811 358 1872 406 ab
1896 357 1998 408 hoc
2027 360 2105 409 In-

344 421 472 472 ferni
496 423 743 475 vestibulo
759 459 771 478 ‚
809 429 859 476 δε
879 425 1070 474 damno
1106 425 1270 473 alieno
1291 423 1421 469 cauti
1444 421 1579 470 saluti
1603 421 1973 493 prospiciamus,

473 489 671 540 LEUC:
740 489 899 540 Rea-ee
922 504 1101 537 mones
1130 506 1140 535 2
1179 485 1534 534 descendamus
1564 486 1625 533 ab
1657 487 1929 548 ignivomis
1949 487 2104 534 Mon-
2152 471 2154 473 ¹

348 549 478 600 tibus
501 584 514 605 ‚
552 554 602 602 ὃ(
628 554 677 601 in
704 569 893 602 amaena
916 552 1118 601 vallium
1149 563 1493 615 properemus.
1562 551 1717 595 MEL:
1755 550 1884 598 Non
1897 549 2102 598 abnuo:

343 613 496 662 sedin
518 615 726 665 decursu
753 613 1066 665 lustrabimus
1082 614 1246 663 fontes
1260 646 1271 666 ‚
1299 627 1431 675 quos
1450 613 1645 660 Natura
1665 611 1813 660 nobis
1834 611 2018 661 offeret
2030 627 2105 660 ce·

346 677 506 727 lebres
533 712 546 731 ‚
583 681 699 742 quia
728 682 908 729 virtute
929 677 1122 744 magica
1143 675 1526 726 memorandos.
1594 677 1654 724 In
1675 677 1828 740 Epiro
1856 677 1973 724 fons
1997 674 2105 725 vifi-

349 753 454 796 tur,
484 740 744 792 effundens
765 744 938 793 lumen
960 742 1098 791 licuti
1118 755 1339 804 aquam:
1382 755 1503 787 nam
1539 739 1771 788 extinctas
1795 739 1926 789 faces
1953 773 1966 794 ,
2003 738 2035 787 fi
2056 741 2106 790 in

346 805 492 853 illum
521 805 806 856 demerseris
831 840 844 862 ‚
879 806 1159 855 inflammat
1181 837 1194 857 ,
1210 807 1258 854 ὅ(
1282 802 1580 852 reaccendit.
1649 802 1923 852 Referente
1942 804 2106 859 Maio-

348 868 404 916 lo
427 869 570 917 datur
590 870 721 918 lacus
746 903 758 924 ,
794 885 949 933 quem
971 870 1156 918 accolae
1179 866 1388 926 fariofizm
1426 862 1611 914 metito
1636 869 1908 916 nominant
1936 885 1948 914 :
1984 882 2107 915 nam

349 931 570 980 inhoras
596 933 975 997 propemodum
1015 931 1224 995 singulas
1258 931 1490 978 colorem
1529 940 1728 984 mutat,
1762 929 1991 994 saporem
2025 946 2108 979 va-

352 995 470 1047 riat,
499 997 777 1058 genuinum
806 997 1032 1051 juvenilis
1061 990 1402 1041 inconstantiae
1424 993 1727 1053 symbolum.
1829 993 2009 1041 Alium
2036 1008 2104 1040 rc-

387 1058 495 1104 eriri
524 1057 726 1104 fontem
746 1059 796 1103 in
817 1057 957 1104 India
977 1056 1148 1102 ferunt
1167 1085 1182 1106 ,
1215 1054 1351 1107 cujus
1378 1051 1510 1113 aqua
1531 1054 1743 1100 lucernae
1765 1054 1987 1102 ardeant.
2048 1055 2109 1104 In

348 1070 539 1175 {ajano
561 1120 682 1167 Sinu
710 1150 724 1171 ‚
747 1133 887 1180 aquae
912 1132 1021 1164 non
1044 1114 1209 1163 solum
1227 1114 1418 1167 calent,
1444 1113 1523 1161 sed
1543 1116 1695 1161 etiam
1725 1114 1939 1165 fervent.
1974 1118 2105 1166 Fons

348 1182 694 1231 Hammonius
714 1179 776 1228 dc
795 1180 874 1229 die
896 1179 1101 1243 frigidus
1121 1210 1132 1231 ‚
1170 1177 1232 1225 de
1255 1177 1405 1225 noste
1427 1176 1571 1225 bullit
1595 1210 1608 1231 ‚
1632 1192 1688 1225 ac
1710 1175 1893 1227 aestuat.
1963 1181 2020 1228 In
2050 1181 2107 1229 Il-

349 1244 508 1309 lyrico
532 1245 729 1292 scaturit
754 1243 882 1292 latex
906 1278 919 1299 ‚
955 1237 1195 1306 quidicizt
1215 1240 1690 1304 frigiduffiexpansas*
1718 1242 1858 1306 supra
1887 1242 1931 1291 se
1953 1240 2107 1292 vestes

349 1323 540 1371 vapore
565 1308 654 1355 suo
679 1308 922 1356 accendit.
994 1304 1149 1370 Apud
1173 1305 1500 1354 Garamantas
1523 1303 1617 1352 esse
1646 1302 1846 1353 fontem
1877 1339 1890 1360 ‚
1925 1306 2109 1356 author

351 1369 859 1424 el'tSolinus‚interdiu
872 1374 937 1420 ita
952 1369 1269 1433 frigidum‚ut
1287 1383 1394 1416 non
1407 1368 1781 1422 bibatunnodtu
1793 1370 1857 1417 ita
1869 1370 2106 1426 calidum,

352 1449 409 1486 ut
430 1450 540 1483 non
561 1445 806 1497 tangatur.
874 1430 1105 1484 Testatur
1119 1433 1301 1482 Varro,
1317 1431 1409 1480 ess'e
1431 1434 1481 1479 in
1495 1431 1669 1480 Cilicia
1691 1432 1896 1482 fontem
1913 1466 1924 1487 ‚
1944 1436 2028 1496 qui
2042 1434 2108 1484 bi-

352 1497 585 1548 bentibus
603 1509 748 1545 acuat
759 1496 977 1549 sensums
996 1497 1152 1544 alium
1164 1493 1290 1545 vero
1305 1528 1318 1549 ‚
1334 1496 1419 1558 qui
1431 1494 1582 1543 hebet
1593 1507 1657 1544 et.
1692 1495 1951 1561 Lyncestis
1963 1514 2108 1565 aqua,

356 1560 544 1612 maffici
567 1556 715 1610 instar
732 1561 943 1610 inebriat
960 1594 973 1615 ‚
1007 1560 1267 1609 accinente
1286 1558 1503 1608 Ovidio:

1351 1621 1591 1683 Lyncestius·
1614 1627 1747 1670 amnis

647 1690 784 1747 Qem
810 1690 1044 1751 quicunque
1062 1699 1219 1748 parum
1247 1687 1465 1733 moderato
1478 1698 1660 1745 gutture
1687 1691 1844 1740 traxit,

647 1752 780 1797 Haud
799 1753 929 1798 aliter
951 1751 1142 1801 titubat,
1166 1750 1293 1813 queim
1303 1749 1340 1809 si
1358 1765 1476 1796 mera
1497 1752 1603 1795 vina
1625 1748 1803 1808 bibisset.

356 1812 554 1870 Contra
573 1814 812 1864 Clitorius
826 1848 839 1870 ‚
858 1815 973 1865 fons
990 1814 1235 1871 Arcadiae,
1248 1815 1350 1865 vini
1366 1809 1618 1863 fastidium
1636 1826 1785 1869 creat,
1810 1815 1998 1867 eodem
2010 1817 2111 1870 Na·
2173 1830 2175 1858 l

358 1882 480 1932 sone
511 1874 658 1928 teste:

643 1943 817 1990 Clitorio
842 1945 1075 2006 quicunque
1084 1941 1205 2002 sitim
1225 1943 1275 1988 de
1288 1939 1412 2001 fonte
1431 1942 1601 1987 levavit
1629 1975 1643 1996 ,

650 2006 761 2054 Vina
775 2005 895 2066 fugit
913 2040 926 2060 ‚
955 2007 1196 2070 ζςζαιιιίέῑιῑιιε
1207 2008 1335 2052 meris
1352 2004 1574 2059 abstemim
1596 2007 1729 2054 undis.

362 2071 422 2122 In
446 2069 769 2134 Cappadocia
788 2072 948 2119 amnis
969 2070 1077 2119 fluit
1091 2102 1104 2124 ,
1120 2074 1205 2134 qui
1226 2083 1386 2130 equos
1407 2067 1708 2119 verficolore
1729 2067 1927 2121 macula
1939 2073 2110 2137 pingit,

363 2148 474 2183 non
497 2135 617 2180 item
641 2134 754 2181 alias
774 2136 1068 2183 animantes,
1138 2132 1511 2184 Macedonibus
1537 2131 1728 2182 flumen
1760 2132 1828 2182 est
1854 2168 1868 2190 ,
1897 2136 2040 2198 quod
2059 2151 2112 2184 ο-

362 2198 506 2248 vium
530 2196 697 2245 velleri
721 2197 912 2246 inducit
939 2197 1236 2247 candorem.
1303 2197 1462 2259 Qod
1485 2196 1518 2246 fi
1541 2198 1830 2263 praeplaceat
1848 2199 1968 2248 rufae
1992 2200 2111 2248 lanae

363 2258 602 2311 tinitura,
623 2263 858 2322 gratuitus
879 2261 1095 2310 infecitor
1115 2257 1184 2309 est
1207 2262 1457 2311 Xanthus:
1484 2260 1517 2309 s1
1539 2262 1677 2325 nigra
1695 2294 1707 2316 ‚
1722 2262 1783 2310 ad
1805 2261 2005 2311 fontem
2027 2261 2111 2311 du-

366 2335 487 2371 cunt
510 2323 805 2388 Penenion:
844 2324 978 2373 hunc
1015 2329 1150 2374 enim
1182 2324 1216 2374 fi
1246 2325 1419 2373 bibant
1445 2326 1673 2373 Oviculae
1694 2358 1707 2379 ‚
1744 2340 1854 2388 quae
1885 2326 2006 2374 albae
2035 2339 2113 2371 ac-

369 2383 606 2435 cesserant
628 2418 640 2440 ‚
674 2386 911 2435 recedunt
932 2391 1097 2453 nigrae.
1181 2388 1376 2437 Crathis
1398 2387 1577 2437 fluvius
1601 2389 1880 2437 bibentium
1908 2385 2110 2449 capillos

371 2449 557 2498 clectto
583 2465 596 2501 3
631 2449 661 2497 S
699 2449 823 2496 baris
837 2465 959 2499 auro
983 2450 1223 2501 assimilat.
1260 2452 1358 2501 Sed
1385 2455 1433 2503 ἃ
1457 2451 1712 2517 Hybcrnia
1739 2452 1938 2501 fontem
1959 2450 2114 2512 gemi-

372 2527 500 2562 num
525 2517 668 2561 moni
698 2524 770 2560 rat
791 2545 804 2566 ,
839 2515 1020 2563 indolis
1040 2517 1105 2563 ita
1130 2517 1392 2565 contrariae
1410 2549 1422 2570 ,
1459 2528 1513 2564 ut
1543 2517 1665 2564 alter
1687 2513 1918 2562 canitiem
1944 2545 1957 2565 ,
1994 2511 2113 2560 alter

369 2577 688 2635 iuventutem
708 2587 1002 2642 perpetuam
1026 2577 1370 2635 balneantium
1389 2578 1602 2631 crinibus
1622 2576 1840 2628 inducat.
1909 2571 2110 2625 Acostae
2155 2568 2169 2637 l:

1875 2637 1911 2689 fi
1932 2636 2056 2689 fides
