2175 2911
399 121 488 174 170
1007 105 1214 155 Ariadne
1233 101 1423 165 Physica.

331 210 516 259 sauros.
586 200 728 268 Qid
742 199 804 251 de
830 197 926 250 istis
947 199 1280 266 Philosophus
1310 198 1480 248 sentiat
1496 230 1509 252 ‚
1533 195 1713 247 eruditi
1731 197 1896 248 cultor
1910 199 2085 252 discut.

335 269 416 322 sus
438 271 453 318 ἒ
488 269 629 314 MEL
644 285 653 314 :
669 264 866 330 Lapidis
885 276 1113 314 naturam
1135 298 1148 318 ,
1186 264 1219 313 si
1241 259 1458 328 postules
1479 297 1491 313 ‚
1537 263 1752 310 mixtum
1774 260 2090 327 Philosophia

339 336 544 386 dicitur,
567 330 752 380 durum
778 362 791 383 ,
825 328 945 393 saepe
967 328 1240 394 perfestum
1264 360 1277 380 ‚
1314 341 1409 373 nec
1431 324 1613 373 ductile
1641 325 1828 374 malleo
1849 357 1864 379 ‚
1899 340 1994 375 nec
2035 326 2090 375 li-

339 396 539 461 quabile
562 395 760 443 calore:
799 408 908 440 non
932 395 1065 442 enim
1100 390 1280 456 lapides
1308 404 1394 452 per
1426 389 1652 436 calorem
1681 388 1937 451 liquantur
1960 422 1973 442 ‚
2009 388 2091 438 sed

337 462 660 511 calcinantur.
732 454 948 504 Genesin
967 471 1023 503 ex
1046 454 1235 504 influxu
1257 452 1474 502 fidei-um
1503 451 1706 499 trahunt
1727 484 1740 504 ‚
1770 467 1828 500 ex
1858 450 2091 501 halitibus

337 525 474 574 siccis
493 521 719 571 admixto
741 518 957 569 humido
978 536 987 566 :
1019 519 1135 568 hinc
1150 533 1243 582 pro
1265 515 1512 565 halituum
1540 516 1773 567 varietate
1788 548 1801 568 ‚
1821 513 2096 579 dispositio·

337 603 428 642 ne,
451 584 712 635 subtilitate
727 615 739 636 ,
762 579 963 632 crassitie
982 615 997 636 ‚
1021 595 1170 644 atquc
1193 583 1371 629 virtute
1404 577 1589 643 Iapides
1610 593 1668 625 ex
1698 575 1903 626 officina
1926 579 2104 629 Natu-'

339 668 403 701 1ae
422 648 675 715 prodeunt
696 679 708 700 ,
740 643 896 709 magis
920 646 998 693 vel
1033 645 1197 693 minus
1226 642 1476 692 mirabiles
1508 674 1520 695 ‚
1562 653 1647 689 aut
1689 640 1904 703 pretiosi.
1991 643 2091 690 Ra-

337 717 494 764 riores
514 711 712 774 seligam
732 724 823 774 pro
845 707 1066 757 discursu.
1136 709 1327 754 Adamas
1342 741 1353 756 ,
1368 707 1495 753 inter
1508 706 1749 769 pretiosos
1766 704 1948 768 lapides
1962 737 1975 759 ,
1989 704 2087 753 Re-

338 778 478 842 gium
497 772 608 824 sane
631 774 898 826 cimelion²
914 775 961 821 ὅς
986 770 1176 820 ἰηγίἂω
1200 769 1504 818 fortitudinis
1523 767 1839 832 symbolum:
1861 783 1980 815 nam
2003 766 2090 816 sub

340 839 524 891 incude
544 852 654 886 non
665 836 903 899 frangitur
926 868 938 889 ‚
962 836 1153 883 ictuum
1177 833 1362 883 viCtors
1393 831 1527 879 ferro
1548 835 1597 880 <Se
1618 833 1731 895 igue
1754 846 1862 879 non
1881 831 2090 884 laeditur,

341 904 719 953 elementorum
739 899 968 946 domitor
990 920 1007 952 ,·
1044 912 1238 947 venena
1258 896 1395 959 pellit
1416 928 1428 948 ‚
1466 894 1616 957 abigit
1643 907 1809 942 metus
1827 893 2093 958 lymphati-

340 982 448 1019 cos,
470 962 667 1013 attrahit
692 958 916 1014 festucas,
942 965 990 1010 ὅ(
1012 961 1191 1029 paleas.
1262 959 1418 1008 Unius
1436 957 1559 1006 hirci
1578 973 1728 1006 cruor
1742 957 1921 1004 domat
1947 955 2094 1006 indo·

342 1031 557 1080 mitum,
588 1041 650 1073 ne
672 1027 800 1071 inter
830 1035 992 1069 creata
1013 1022 1142 1067 lolus
1172 1020 1340 1066 invisti
1377 1017 1525 1065 titulo
1552 1021 1807 1079 glorietur.
1897 1019 2098 1077 saphirus

344 1092 523 1141 colore
542 1087 792 1135 caeruleus,
814 1084 923 1130 Cor
941 1081 1199 1129 confortat
1224 1083 1404 1127 virtute
1425 1111 1438 1129 ‚
1461 1078 1723 1141 splendore
1744 1081 1924 1127 oculos
1944 1079 2098 1127 robo-

344 1167 417 1204 rat
439 1171 450 1200 ε
481 1151 683 1200 venenis
714 1141 886 1194 resistit
907 1177 920 1197 ‚
950 1147 999 1193 δε
1022 1142 1048 1190 a
1068 1139 1298 1206 gestantis
1319 1140 1522 1189 libidine
1548 1141 1783 1191 sordescit
1807 1160 1815 1188 :
1846 1155 1951 1190 tam
1974 1157 2097 1190 con-

342 1214 529 1271 tagiosa
562 1207 632 1258 est
659 1210 764 1257 lues
787 1208 998 1257 Veneris
1019 1208 1031 1254 Ξ
1064 1206 1314 1267 smaragdus
1343 1204 1504 1253 viridis
1526 1205 1771 1253 morbum
1795 1217 1928 1254 arcet
1951 1205 2099 1254 cadu-

344 1266 465 1327 cffm
483 1308 497 1329 2
526 1273 684 1323 visum
703 1272 857 1324 acuit,
885 1273 936 1321 &
959 1271 1203 1316 Haematitis
1223 1265 1372 1316 instar
1383 1263 1499 1315 sistit
1519 1269 1709 1317 cruoris
1729 1267 1939 1318 fluxum.
1988 1273 2100 1329 Opa-

341 1343 408 1389 Im
422 1373 435 1394 ‚
451 1328 1234 1398 Carbunculiignem,Amcthisti
1258 1331 1536 1395 fulgentem
1556 1347 1826 1396 purpuram
1843 1365 1856 1386 ‚
1870 1333 2098 1395 Smarag-

345 1405 396 1453 di
419 1416 556 1451 mare
577 1402 794 1449 vitreum
816 1433 828 1448 ,
852 1393 1276 1461 gemmarumque
1305 1396 1542 1443 omnium
1564 1397 1807 1444 radiantes
1826 1398 1877 1444 in
1897 1395 1943 1443 se
1957 1409 2101 1444 com-

345 1466 574 1533 plectitur
603 1462 831 1514 colores,
856 1472 909 1508 ut
939 1460 1205 1523 intelligas,
1239 1456 1332 1506 effe
1368 1457 1614 1507 charitatis
1646 1459 1823 1509 divinae
1853 1459 2099 1524 edtypon,
2174 1489 2175 1525 }

347 1545 458 1591 quae
479 1529 724 1576 virtutum
748 1526 973 1588 epitome
1004 1557 1017 1576 ‚
1048 1520 1345 1585 vinculumque
1365 1520 1656 1581 perfidionis.
1727 1521 2007 1569 Carbunculus
2035 1520 2114 1572 sic⁴
2173 1530 2175 1563 3

350 1591 507 1641 dicius
526 1588 553 1637 a
575 1589 684 1637 luce
705 1621 718 1641 ‚
740 1602 837 1649 qua
850 1587 1016 1636 rutilat
1032 1587 1261 1635 carbonis
1285 1581 1431 1633 instar
1443 1585 1631 1634 accensi
1647 1619 1661 1639 ‚
1676 1585 1738 1635 ab
1757 1588 1871 1649 igne
1883 1591 2101 1646 Pyt-opus,
2172 1586 2175 1629 ἰ

352 1658 404 1705 ἀ
429 1654 457 1702 ὲ
477 1651 630 1699 rubore
649 1651 882 1700 Rubinus
902 1665 1104 1699 veneno
1126 1646 1295 1698 resistit
1316 1666 1328 1696 ι
1355 1649 1533 1697 eadem
1558 1651 1739 1698 virtute
1762 1650 1920 1714 pollet
1932 1647 2101 1697 Acha-

349 1731 423 1766 tes
443 1749 455 1771 ‚
476 1716 617 1764 vario
641 1713 898 1766 colora&
919 1711 1075 1777 figura
1093 1728 1299 1777 gemma
1322 1712 1606 1778 spectabilis.
1675 1711 1969 1773 Amethystum
1988 1713 2096 1761 vio·
2171 1713 2174 1744 f

351 1782 497 1831 laceo
519 1779 695 1826 colore
719 1773 959 1825 illustrem
977 1776 1152 1833 ‚ajunt‚
1169 1774 1383 1824 resistere
1404 1776 1642 1824 ebrietati.
1718 1778 1929 1836 Beryllum
1955 1774 2103 1823 undae

350 1845 556 1894 marinae
578 1840 790 1888 similem
817 1873 829 1892 ,
859 1839 1050 1888 mederi
1078 1841 1235 1889 oculis
1257 1858 1269 1892 5
1306 1839 1548 1899 Topazium
1571 1855 1730 1887 croco
1745 1838 1984 1890 tinctum,
2000 1852 2106 1885 me-

351 1905 644 1958 lancholicis
667 1902 893 1968 prodesse
913 1937 924 1956 ‚
951 1906 1000 1953 ὃς
1029 1904 1296 1968 epilepticis
1317 1920 1333 1955 3
1369 1906 1610 1949 Grannum
1636 1902 1854 1965 denique
1877 1934 1891 1955 ‚
1926 1901 2104 1950 colore
2170 1903 2173 1921 ⁷

351 1971 540 2034 punico
566 1967 845 2019 imbutum,
861 1966 1135 2015 exsiccandi
1153 1967 1343 2032 pollere
1363 1968 1562 2021 virtute,
1583 1968 1632 2016 ὅ(
1651 1965 1947 2020 roborandi,
1971 1964 2105 2029 apud

355 2032 641 2096 Trapezitas
667 2027 736 2079 est
759 2027 1098 2079 manifestum.

481 2094 678 2143 LEUC:
748 2091 938 2144 Merito
964 2093 1136 2142 dicunt
1152 2092 1247 2142 hos
1262 2093 1446 2159 lapides
1467 2093 1732 2158 pretiosos:
1753 2110 1872 2144 nam
1892 2095 2107 2159 pretium

356 2157 504 2222 quod
537 2156 724 2204 addidit
744 2157 899 2207 decor
923 2191 935 2211 ,
971 2158 1182 2222 adauget
1209 2159 1379 2207 virtus.
1461 2160 1626 2205 MEL:
1665 2159 1734 2206 Ita
1754 2157 1822 2207 est
1847 2177 1858 2206 ;
1881 2159 2103 2206 eminent

359 2223 553 2272 raritate
575 2220 782 2281 pretiosa
803 2220 908 2270 haec
931 2224 1077 2270 maris
1118 2221 1270 2285 spolia
1290 2254 1302 2275 ‚
1335 2222 1588 2284 variegato
1619 2221 1881 2285 splendore
1909 2217 2103 2285 praecel-

358 2287 485 2337 lunt,
499 2280 612 2332 licet
625 2282 839 2330 habeant
858 2283 1079 2338 forsitan,
1092 2288 1179 2346 qui
1193 2283 1683 2347 v·irti1teMagic·.i‚illis
1696 2298 1895 2334 teneant
1906 2296 2101 2343 aequam

361 2349 578 2398 lancem.
677 2348 863 2391 Smirnus
883 2350 1068 2395 vitrum
1099 2348 1271 2396 scindit
1290 2381 1305 2402 ‚
1334 2347 1390 2396 ut
1414 2349 1634 2396 adamas.
1735 2348 2012 2407 phosphorum
2041 2358 2101 2391 ex

362 2410 557 2464 AEthnae
580 2409 784 2458 caminis
804 2410 1052 2458 revulsum
1074 2411 1297 2461 crederes
1320 2445 1335 2466 ‚
1369 2408 1504 2461 adeo
1531 2411 1724 2462 furores
1760 2411 1880 2474 spuit
1905 2407 2104 2469 ignivo-

366 2490 513 2527 mos,
532 2469 585 2521 ni
605 2471 792 2520 liberali
812 2472 1027 2522 Thetide
1057 2471 1402 2539 restinguatur.
1432 2478 1564 2536 Lapis
1585 2477 1718 2535 lydius
1735 2472 1967 2530 Judicem
2002 2470 2104 2533 agit

363 2540 490 2588 inter
510 2535 735 2585 metalla:
761 2534 941 2585 Ethicis
970 2550 1146 2600 typum
1182 2538 1366 2603 praebet
1400 2540 1685 2587 intentionis
1709 2553 1720 2582 .·
1756 2551 1874 2584 narn
1901 2533 2107 2595 quidquid

358 2614 491 2662 agunt
510 2601 698 2650 homines
717 2633 732 2652 ,
767 2600 946 2647 intentio
957 2599 1126 2659 judicat
1153 2618 1309 2653 omnes.
1378 2600 1602 2650 Pancarba
1618 2634 1630 2652 ,
1656 2613 1860 2663 gemma
1882 2592 1983 2712 est&
2011 2595 2101 2668 xvel

1916 2676 1935 2713 λ
1971 2673 2037 2711 CO
