2175 2911
39 2339 89 2386 4.
109 2326 214 2382 Reg.

41 2407 78 2437 C.
100 2402 141 2445 3.

140 2451 173 2498 b

48 2518 232 2564 Homer.

50 2574 236 2639 odyss-3·

320 127 348 161 2
354 126 415 174 34
791 102 1196 166 Technophylacium
1225 98 1463 163 Physicum.

537 197 699 246 Invida
719 197 893 242 viventi
910 195 1017 242 mihi
1044 210 1170 258 quam
1191 195 1375 239 Natura
1395 192 1590 253 negdrat‚

636 259 734 313 Post
759 258 921 306 obitum
933 255 1049 316 felix
1080 257 1245 304 addidit
1264 259 1368 306 ,Ars
1399 261 1585 303 animam
1603 291 1617 307 ,

419 327 576 375 MEL:
648 322 897 374 Musicam
920 324 1077 386 tangis
1095 354 1108 374 ,
1138 323 1263 368 inter
1279 321 1414 368 Artis
1429 318 1667 369 miracula
1692 314 1835 372 facile
1860 317 2009 380 Regi-

256 407 394 446 nam.
463 391 576 441 Nec
601 384 775 437 frustra
790 387 954 434 clavim
974 386 1166 431 cordium
1190 381 1355 432 dixere
1374 384 1501 432 clavi
1519 414 1537 422 -
1554 383 1823 432 chordium
1838 381 2012 433 Musae,

257 453 389 507 adeo
412 448 765 515 thavmaturga
791 449 948 513 pollet
966 451 1162 497 virtute.
1233 446 1468 510 Orpheus
1486 443 1554 494 est
1569 479 1582 500 ,
1605 447 1690 508 qui
1704 445 1936 494 humanis
1946 442 2015 491 af-

258 518 468 571 fectibus
494 516 558 565 sic
578 516 870 564 dominatur
892 544 906 565 ,
943 524 1123 563 utnon
1143 506 1283 574 :eque
1306 506 1449 560 facile
1473 510 1820 558 inclinationes
1847 506 2015 554 homi-

259 598 382 634 nem
404 580 646 646 prodant,
671 576 861 626 aecum
887 577 1035 625 sonus
1058 608 1071 629 ,
1107 590 1194 638 per
1221 589 1362 623 aures
1381 571 1827 637 ingreffus‚totum
1849 568 2016 618 homi-

261 661 383 696 nem
400 677 411 698 ‚
438 644 501 693 ad
520 642 701 692 tastam
725 639 981 704 cytharam
1004 650 1277 687 convocat.
1345 639 1493 686 Tune
1514 638 1651 684 enim
1674 634 1870 683 arrestis
1894 647 2017 681 mox

261 709 460 759 auribus
495 709 742 755 immotus
771 701 993 752 assidebit
1018 701 1454 754 Melancholicus‚
1489 698 1658 750 modo
1691 698 1754 746 ad
1786 698 2020 746 devotio-

260 787 382 822 nem
398 805 411 827 ,
435 768 602 820 modo
626 767 689 816 ad
710 782 878 816 rerum
902 767 1140 814 omnium
1164 777 1518 828 contemptum
1534 797 1547 817 ,
1583 763 1645 812 ad
1668 759 1910 810 tristitiam
1938 759 2020 806 de-

261 838 418 899 nique
441 828 879 899 profundissimam
899 828 1173 878 delabetur.
1260 827 1626 891 Phlegmaticus
1646 824 1912 874 subridebit
1931 823 2023 886 pri·

265 897 358 949 mo
380 932 394 952 ,
431 912 555 946 mox
578 909 684 943 uno
705 906 789 942 aut
807 894 966 941 altero
993 890 1324 957 generosioris
1347 889 1532 939 massici
1561 888 1746 952 cyatho
1778 887 1924 934 faciet
1951 887 2023 932 in-

267 961 500 1012 tervalla,
527 958 743 1019 denique
767 958 917 1003 etiam
950 958 1002 1003 in
1039 955 1292 1017 placidum
1329 954 1372 1001 se
1410 951 1644 1000 claudent
1674 951 1864 998 lumina
1895 947 2024 996 som-

269 1040 412 1073 num.
482 1020 771 1079 Sanguineis
793 1017 972 1062 contra
1000 1017 1280 1077 prurientin
1294 1014 1470 1060 saltum
1490 1014 1666 1074 pedes,
1682 1008 2025 1071 accincntipli,

270 1090 321 1135 ὅ(
335 1084 397 1133 ad
410 1093 749 1132 communem
769 1077 987 1123 laetitiam
1007 1075 1191 1124 obvios
1212 1074 1466 1135 quoslibet
1479 1073 1859 1122 convocabunt,
1887 1071 2028 1120 Cho-

269 1145 407 1198 ]erici
432 1145 673 1205 denique,
695 1141 744 1188 &
765 1137 851 1201 ipsi
873 1138 935 1185 de
958 1140 1196 1202 gravitate
1215 1138 1297 1185 sua
1317 1135 1578 1200 paululum
1601 1138 1885 1188 remittent,
1916 1148 2029 1182 cen-

271 1212 404 1260 sores
423 1219 596 1271 agent‚
629 1219 685 1251 ac
707 1199 1020 1265 postliminio
1046 1200 1358 1264 repedabunt
1372 1199 1432 1246 ad
1458 1201 1555 1248 sua.
1623 1200 1759 1248 Bene
1777 1195 2030 1249 Musicam

270 1274 374 1324 hoc
397 1269 654 1320 decoravit
677 1267 848 1329 elogio
877 1265 1031 1313 Vates
1051 1264 1133 1311 illc
1154 1296 1167 1318 ,
1189 1263 1314 1311 dum
1334 1264 1541 1311 cecinit:

494 1329 661 1390 Μιιβεα
679 1331 879 1377 turbatas
896 1330 1085 1378 animas,
1115 1324 1350 1388 aegru'mque
1370 1327 1556 1372 dolorem

497 1395 594 1443 Sola
621 1394 769 1447 levat,
797 1393 951 1438 meritc)
967 1391 1137 1438 Diw‘im
1159 1387 1441 1452 Hominu‘mq;
1461 1390 1687 1450 voluptas,

499 1462 594 1518 Qa
611 1457 702 1516 fine
721 1457 782 1503 nil
791 1455 1022 1515 jucundum
1042 1455 1196 1499 animis
1213 1485 1226 1506 ‚
1240 1469 1312 1498 nec
1330 1452 1516 1499 amabile
1537 1454 1792 1515 quidquam,

502 1523 576 1569 Ad
600 1520 717 1579 cujus
734 1519 1085 1578 numerosSuperi
1100 1529 1358 1567 vertuntur,
1396 1519 1453 1564 (φ
1466 1516 1607 1563 Orbis.
1951 1566 1960 1574 ‚

277 1587 556 1640 Rationem
574 1583 763 1632 horum
777 1578 1201 1644 refunditPhylica
1220 1581 1271 1628 in
1287 1581 1531 1629 unionem
1542 1579 1680 1630 illam
1699 1579 2033 1636 aretiffimaim

279 1667 381 1715 qua
399 1651 567 1698 anima
584 1647 788 1710 corpori
801 1645 1089 1708 colligatur:
1127 1642 1244 1692 hinc
1264 1644 1332 1692 illi
1353 1642 1556 1693 effestus
1575 1645 1866 1709 sympathici
1879 1680 1893 1701 ,
1930 1647 2036 1707 qui-

281 1717 374 1766 bus
409 1714 602 1764 anima,
623 1721 735 1758 utut
754 1708 1007 1774 spiritualis
1028 1719 1164 1759 tota,
1187 1723 1324 1756 nunc
1344 1709 1561 1772 patiente
1590 1724 1809 1773 corpore
1836 1711 2036 1774 patitur,

284 1792 423 1829 nunc
456 1790 576 1824 cum
594 1774 790 1821 laetante
812 1772 1017 1821 laetatur.
1104 1773 1317 1836 Organo
1354 1786 1540 1836 nempe
1566 1774 1892 1836 pnevmatico
1924 1787 2037 1821 non

284 1840 517 1892 absimilis
535 1838 703 1886 homo
723 1831 810 1890 est,
832 1837 884 1883 in
904 1835 992 1884 illo
1015 1833 1049 1883 fi
1070 1847 1241 1899 tangas
1261 1835 1448 1887 claves,
1470 1847 1524 1883 ut
1547 1846 1749 1886 vocant,
1773 1835 1894 1884 dant
1911 1836 2042 1884 soni-

287 1919 400 1954 tum
424 1899 619 1953 fistulae3
655 1903 707 1949 in
729 1898 832 1948 hoc
856 1897 891 1946 fi
917 1914 1127 1947 moveas
1151 1898 1328 1951 sensus,
1351 1900 1518 1946 anima
1539 1898 1800 1947 conformi
1823 1900 2043 1963 sympto-

288 1981 424 2019 mate
448 1975 766 2028 cooperatur.
838 1962 986 2013 Unde
1005 1978 1114 2010 non
1145 1960 1410 2011 difficulter
1427 1962 1698 2025 intelliges,
1721 1977 1819 2025 qua
1844 1965 2041 2011 ratione

289 2030 498 2082 Davidis
521 2026 721 2093 cythara
743 2024 769 2074 ὲ
790 2026 1083 2074 turbulento
1094 2026 1240 2074 Saule
1265 2040 1321 2072 ex
1360 2025 1501 2073 ulerit
1516 2025 1786 2074 Sathanam
1800 2042 1814 2078 3
1831 2025 1882 2074 id
1906 2029 2044 2074 enim

291 2095 328 2146 fi
352 2096 531 2142 virtute
551 2088 733 2140 direchi
757 2087 1015 2152 contigiss'e
1039 2087 1298 2141 existimes,
1323 2040 1729 2138 hallucinaberis:
1766 2089 1886 2152 quid
1907 2092 2042 2138 enim

293 2155 487 2208 Mufica
517 2170 624 2203 non
662 2154 864 2202 habenti
899 2153 1079 2200 aures?
1131 2153 1212 2201 sed
1250 2152 1516 2201 harmonia
1548 2151 1654 2200 haec
1687 2152 1858 2216 potius
1889 2152 2045 2202 Saulis

294 2221 616 2284 temperiem,
640 2218 812 2266 furore
840 2215 1034 2280 penitus
1062 2216 1417 2266 conturbatam
1432 2248 1446 2270 ,
1467 2215 1530 2263 ad
1549 2216 1825 2277 quemdam
1847 2217 2044 2279 redege-

297 2296 372 2333 rat
402 2282 635 2331 ordinem
656 2313 667 2332 ‚
687 2275 859 2341 sieque
890 2280 1118 2343 Stygium
1147 2279 1424 2345 hospitem,
1445 2281 1530 2342 qui
1561 2294 1669 2327 non
1702 2282 1932 2344 piscatur,
1955 2278 2040 2328 nisi

299 2349 351 2396 in
371 2344 575 2394 turbido
591 2377 603 2393 ,
625 2344 887 2390 domicilio
911 2342 1207 2392 deturbavit.
1276 2343 1522 2403 Intelliges
1536 2376 1548 2396 ‚
1567 2356 1665 2404 qua
1692 2346 1885 2392 ratione
1902 2358 1929 2390 a
1946 2344 2043 2391 Mi-

302 2410 465 2461 cheas,
486 2410 535 2457 &
549 2407 724 2455 Eliseus
738 2406 974 2469 Spiritum
990 2405 1348 2468 Propheticum
1364 2421 1450 2469 per
1469 2406 1713 2456 modulos
1725 2405 1945 2456 Muficos
1966 2420 2044 2454 ex-

304 2472 532 2522 citarint:
578 2471 762 2519 Lucius
793 2468 923 2530 Sylla
957 2470 1110 2516 animi
1142 2482 1313 2519 motus
1351 2469 1616 2518 sedaverit.-
1653 2470 1685 2518 b
1717 2470 2045 2518 Democritus

303 2529 727 2604 clytemnestram
743 2532 794 2582 in
812 2528 1047 2582 Castitate
1071 2530 1311 2584 firmarit:
1346 2548 1447 2596 qua
1474 2535 1667 2586 ratione
1693 2529 2044 2582 Theodoricus

1869 2594 1980 2644 Rex
