2175 2911
698 134 898 183 Ariadne
931 135 1118 196 Physica.
1653 150 1672 185 1
1683 139 1742 198 69

1 237 3 278 Ξ
52 243 168 277 rum
191 225 413 293 lapidum
433 223 630 292 strepitu
653 227 702 276 in
723 227 895 293 fugam
915 229 1264 285 conjiciuntur.
1333 233 1568 286 Platanus,
1602 232 1807 282 Autho-

1 289 4 339 ἐ
55 307 108 339 re
129 292 290 341 Plinio
311 326 323 347 ‚
346 290 770 357 vespertilionibus
794 292 1023 339 inimica.-
1059 290 1174 341 hinc
1195 329 1205 344 ‚
1245 305 1299 342 ut
1322 294 1348 343 a
1372 296 1497 344 nidis
1519 296 1631 345 illos
1655 297 1808 345 Cico-

2 374 5 413 g
54 357 146 403 niae
175 367 372 404 arceant
390 391 402 406 ‚
439 354 569 410 folijs
594 355 781 403 Platani
800 355 1034 404 muniunt
1054 356 1265 405 excelsos
1287 359 1452 407 Lares.
1522 358 1675 420 Aqua
1704 371 1808 406 rutae

3 416 7 472 ζ
54 417 265 467 ‹iecoeta
286 452 301 473 ,
335 418 566 466 conclavi
589 417 769 481 aspersa
800 451 813 473 ‚
849 418 1070 466 eliminat
1090 419 1278 469 muscas
1299 453 1311 474 ,
1341 420 1543 485 agitque
1565 423 1614 469 in
1634 422 1809 485 fugam

3 480 7 525 ὲ
54 481 266 545 pulices,
290 479 562 529 molestum
583 482 805 536 animal,
841 481 893 537 ijs
923 477 1165 544 praecipue
1197 516 1209 536 ‚
1246 497 1375 545 quos
1406 485 1580 549 pluteo
1616 483 1809 535 firmius

4 549 5 573 ³
53 543 209 609 affigit
233 544 405 593 Pallas.
493 546 728 591 Fraxinum
749 543 814 593 fic
843 543 1013 592 exosus
1034 541 1102 592 est
1120 545 1328 608 Serpens
1349 580 1361 600 ‚
1383 561 1438 595 ut
1460 550 1509 597 ὃ(
1528 547 1731 597 horreat
1756 549 1810 596 il-

0 611 7 661 ³;
56 608 148 655 lius
176 608 409 657 umbram
439 640 454 661 ,
489 607 752 656 Pavonem
770 603 895 657 vcro
919 605 982 654 sic
1002 606 1250 656 aversatur
1280 641 1293 662 ,
1330 622 1384 658 ut
1406 626 1501 658 nec
1527 626 1714 660 vocem
1737 611 1809 659 su-

4 665 7 692 ³
59 668 246 718 stineat.
281 670 457 720 Cauda
494 671 628 734 lupi,
661 672 712 718 in
747 670 982 734 praesepio
1011 667 1228 735 suspensa
1251 703 1264 723 ,
1290 672 1525 735 Prohibet
1547 689 1723 736 equOS,
1744 688 1810 722 ne

5 747 7 759 ³
56 734 349 782 comedant.
418 733 580 796 Lyra,
614 733 889 796 vulpeculae
922 731 1101 782 fidibus
1125 734 1340 782 animata
1363 767 1375 787 ‚
1412 737 1613 798 gallinas
1646 739 1696 785 in
1734 737 1810 786 fu-

5 807 8 852 ῑ
54 812 173 860 gam
202 799 380 845 vertitt
414 795 698 858 serpentum
720 794 846 843 vero
878 797 1038 845 nervis
1061 808 1277 849 armata,
1300 796 1407 860 ipsis
1425 798 1717 848 hominibus
1739 801 1810 848 in—

56 861 179 907 cutit
200 871 478 905 terrorem:
516 856 633 904 hinc
664 857 857 905 Zischas
887 859 1096 920 quidam
1128 892 1140 912 ,
1173 857 1399 907 haerctica
1423 856 1449 907 ὲ
1472 862 1612 909 caula
1636 862 1811 925 lupus,

0 941 9 977 *f
55 922 136 971 vel
161 920 193 967 fi
217 921 375 968 mavis
400 919 574 983 vulpes
597 917 742 967 fimul
763 953 775 973 ,
799 922 856 970 ἀ
883 920 1076 985 serpens
1092 955 1103 977 ,
1127 921 1493 971 detrahendum
1515 922 1602 971 sibi
1619 921 1732 987 post
1746 925 1814 971 fa-

0 987 10 1043 ῑζς
55 995 104 1030 ta
122 985 322 1031 corium
339 1015 351 1035 ,
378 993 627 1046 tympano
655 985 810 1046 aptari
840 982 981 1038 juffit,
998 1001 1062 1034 eo
1090 984 1217 1041 fine,
1241 997 1296 1034 ut
1309 982 1576 1035 Christiani
1594 1019 1609 1040 ,
1631 985 1814 1048 quibus

7 1058 9 1107 l
54 1047 234 1094 terrori
251 1045 413 1093 fuerat
432 1046 602 1094 vivens
617 1076 630 1097 ,
652 1045 957 1109 antipathico
974 1049 1163 1096 timore
1181 1048 1387 1113 perculsi
1407 1081 1420 1102 ‚
1454 1050 1605 1096 etiam
1628 1048 1655 1098 a
1675 1064 1814 1098 mor-

7 1125 10 1147 1
54 1120 150 1157 tuo
174 1111 224 1158 in
253 1108 425 1171 fugam
447 1119 880 1156 converterentur.
949 1110 1132 1169 Elephas
1160 1111 1223 1159 ad
1246 1123 1489 1159 armatam
1511 1110 1816 1176 phalangem

0 1172 11 1208 2³
56 1171 338 1236 impavidus
360 1204 376 1224 ,
395 1169 458 1218 ad
476 1169 726 1218 nefrendis
748 1172 1042 1234 grunnitum
1062 1188 1186 1221 mox
1211 1184 1350 1237 terga
1369 1176 1529 1223 vertit.
1596 1179 1817 1236 Hippopo-

59 1249 221 1281 tamum
238 1267 252 1288 ,
267 1236 319 1284 &
339 1237 523 1279 Leonem
542 1231 793 1289 (imanem
802 1233 940 1282 hunc
953 1234 1227 1285 hominum
1240 1235 1513 1293 terrorem)
1536 1241 1709 1287 unicus
1724 1251 1816 1286 ter-

58 1311 134 1347 ret
157 1297 449 1363 ephebulus,
463 1295 693 1358 taedaque
706 1294 970 1345 straminea
981 1313 1164 1347 eorum
1178 1302 1446 1349 exercitum
1462 1302 1511 1348 in
1525 1301 1699 1365 fugam
1709 1316 1817 1350 ver-

0 1374 12 1419 ,g
61 1365 134 1411 tit.
204 1363 324 1411 Haec
344 1361 412 1408 illi
430 1363 481 1409 in
510 1360 737 1407 medium
768 1361 1106 1424 experimenta
1129 1395 1141 1416 ‚
1172 1358 1199 1410 ὲ
1229 1362 1480 1424 quibusad
1501 1365 1727 1412 Laurum
1751 1363 1817 1413 fic

0 1420 12 1475 53
62 1426 252 1474 ducunt
275 1424 490 1485 denique
504 1422 811 1487 parallelum.
880 1423 938 1471 In
949 1418 1087 1471 hisce
1099 1426 1303 1474 Naturae
1325 1423 1581 1489 mysteriis,
1597 1426 1713 1474 facit
1734 1442 1817 1474 an-

0 1483 13 1547 l}
59 1488 266 1553 tipathia
287 1486 518 1550 quaedam
541 1487 826 1549 congenita,
845 1484 945 1535 five
963 1485 1078 1534 dein
1102 1502 1189 1551 per
1212 1488 1470 1549 qualitates
1493 1488 1818 1542 occultas,vel

0 1550 13 1609 l}
62 1553 265 1601 inimica
289 1550 704 1614 corpusculorum
735 1546 961 1603 effluvia,
986 1562 1041 1597 ut
1068 1549 1174 1599 haec
1204 1551 1265 1599 ab
1289 1550 1380 1598 illis
1403 1565 1512 1599 non
1542 1549 1710 1600 modo
1736 1551 1818 1599 ab·

0 1608 14 1663 'l
61 1614 326 1668 horreant,
346 1613 427 1661 sed
454 1616 504 1662 ὅ(
526 1613 786 1676 refugiant.
856 1613 962 1663 Cur
980 1614 1129 1677 'igitur
1150 1612 1317 1662 fimilis
1347 1629 1467 1662 cum
1487 1611 1694 1663 inimica
1717 1616 1818 1663 lau-
1848 1614 1956 1673 apud
1972 1613 2063 1662 He-

11 1703 13 1736 ;
61 1694 123 1728 ro
150 1676 393 1726 discordia
417 1675 564 1724 ineffe
591 1674 791 1724 fulmini
816 1679 1061 1739 nequeat?
1108 1673 1241 1726 certe
1268 1675 1488 1729 constat,
1510 1673 1537 1726 ὲ
1558 1679 1730 1727 Lauro
1750 1679 1819 1728 vi·
1848 1677 1938 1724 rod.

11 1771 14 1803 5
60 1755 204 1790 rente
216 1739 379 1806 spirari
400 1738 578 1788 halitus
599 1772 612 1793 ‚
638 1741 725 1802 qui
753 1751 1030 1789 venenatos
1046 1740 1238 1805 pellunt
1264 1743 1387 1790 aeris
1408 1741 1596 1812 spiritus
1613 1773 1625 1795 ,
1646 1754 1700 1789 ut
1719 1744 1820 1790 'Im-

0 1805 15 1868 i}
64 1816 265 1870 perator
283 1802 612 1853 Commodus
625 1800 754 1851 testis
775 1799 870 1857 est,
885 1804 1301 1866 quiMedicorum
1322 1805 1534 1853 coniilio
1548 1838 1561 1859 ,
1581 1803 1823 1868 grassante

0 1868 15 1917 fe?
67 1863 347 1932 epidemica
372 1866 482 1920 lue,
503 1868 553 1914 in
567 1865 919 1929 sylvaslaureas
948 1865 1154 1916 seceffit:
1173 1879 1227 1916 ut
1251 1864 1395 1933 plane
1426 1883 1534 1918 non
1563 1881 1821 1932 appareat,

0 1925 15 1983 ἐξ
66 1946 154 1980 cur
175 1929 394 1978 exhalata
408 1927 434 1977 ὲ
447 1932 614 1979 Lauro
628 1929 1021 1985 virtus,fulminis
1033 1947 1243 1996 vapores
1259 1927 1513 1996 pestiferos
1528 1932 1725 1995 abigere
1743 1948 1827 1981 ne-

0 2008 15 2080 ζ
70 2005 221 2056 queat
239 2027 254 2049 ,
289 1996 337 2043 ὅς
359 1991 546 2041 diffiare
569 1995 588 2040 ,ἓ
624 1992 767 2057 quod
788 1994 822 2043 fi
845 2006 1071 2044 mentem
1095 2010 1266 2042 meam
1291 1996 1513 2057 exquiras
1533 2027 1547 2049 ,
1588 1997 1640 2043 in
1662 1995 1822 2060 hypo-

13 2054 16 2089 *
69 2056 190 2106 thesi
210 2093 222 2109 ,
248 2055 518 2106 asseverans
538 2057 587 2105 id
606 2057 762 2107 affero
785 2057 940 2116 ‚fistet
951 2059 1121 2106 Lauro
1138 2056 1165 2106 a
1182 2058 1824 2115 Jovcfulminanteimmu-

0 2135 17 2169 ν
68 2122 193 2170 nitas
210 2153 223 2174 ,
248 2132 385 2169 totus
404 2120 534 2168 abeo
555 2122 605 2168 in
626 2120 815 2170 horum
834 2121 1125 2169 sententiam
1151 2153 1163 2175 ‚
1194 2136 1288 2169 nec
1316 2121 1407 2169 illis
1437 2117 1581 2171 facile
1620 2137 1705 2170 me
1736 2123 1823 2171 eri-

0 2159 17 2250 (l
71 2185 209 2250 pient
236 2182 455 2232 Thraces
471 2216 484 2238 ‚
508 2180 718 2247 saevique
739 2184 924 2233 Geruli.
973 2183 1160 2233 Thefin
1215 2185 1321 2233 uod
1340 2185 1514 2233 attinet
1534 2217 1547 2239 ,
1569 2200 1632 2234 an
1654 2184 1711 2233 fit
1732 2188 1824 2234 im-

0 2249 19 2296 l'
69 2248 236 2297 munis
259 2280 272 2301 ,
300 2262 382 2295 me
407 2247 589 2295 vadem
614 2263 719 2296 non
738 2251 1011 2312 interpono
1033 2264 1044 2295 t
1071 2250 1122 2296 in
1141 2247 1208 2296 hil
1238 2250 1380 2297 orico
1399 2247 1632 2297 tribunali
1652 2249 1706 2297 lis
1726 2252 1823 2312 agi-

0 2323 7 2374 i
71 2323 152 2359 tur
172 2344 184 2365 ,
213 2312 339 2358 circa
364 2310 507 2372 quod
538 2310 786 2359 discordes
811 2312 964 2360 animi
991 2311 1298 2360 colliduntur
1323 2329 1332 2358 :
1361 2312 1429 2358 hic
1458 2313 1555 2363 ait,
1587 2314 1654 2358 ille
1666 2324 1819 2371 negat,·
1851 2308 2028 2353 Petron-

0 2347 18 2439 §l
71 2390 204 2438 neque
225 2373 413 2419 omnibus
440 2390 566 2420 unum
589 2372 668 2426 cst,
700 2374 807 2436 quod
820 2375 990 2434 placet:
1012 2375 1080 2421 hic
1090 2374 1231 2434 spinas
1255 2375 1414 2434 colligit
1440 2409 1453 2425 ‚
1476 2376 1545 2421 ille
1567 2375 1688 2432 rofizs.

233 2437 429 2488 LEUC:
498 2434 623 2487 Alio
647 2437 746 2494 jam
767 2436 909 2486 filum
933 2439 1139 2502 porrigit
1161 2437 1385 2487 Ariadne
1410 2437 1611 2502 Physica
1636 2455 1648 2489 3
1676 2439 1725 2484 in
1754 2435 1819 2485 la-

0 2506 21 2567 '32
71 2501 311 2568 picidinas
329 2502 548 2564 Magicas
563 2534 575 2554 ,
601 2503 650 2548 in
671 2501 901 2565 hypogea
924 2503 1170 2550 metallica
1183 2516 1278 2550 nos
1296 2503 1473 2552 invitat
1495 2501 1704 2556 ,ubisuis
1718 2501 1819 2549 Na-

0 2567 20 2629 2}
58 2577 185 2617 ÷tura
206 2564 382 2624 divitiis
404 2564 619 2632 superbit
643 2598 658 2620 ,
680 2576 830 2628 atque
857 2567 1067 2682 raripfres
1088 2564 1347 2617 abscondit
1373 2568 1498 2616 intra
1518 2562 1696 2674 vis-cera
1714 2561 1820 2613 the·-

1 2634 22 2653 ²³
1590 2640 1753 2677 auros-

0 2781 23 2911 fi.
