2175 2911
100 993 142 1036 S.
165 989 294 1034 Hier.

99 1052 131 1098 l.
153 1065 192 1096 1.
223 1067 315 1097 con-

98 1125 172 1166 ενα
182 1115 295 1174 eJov.

407 142 473 193 36
1010 133 1182 199 Coloffm
1212 135 1435 202 Mysticm.

345 253 435 289 nas
466 239 518 288 ὃς
545 232 851 286 Democles:
887 236 1130 288 cadavera
1163 237 1542 302 amplectimur,
1566 233 1688 286 cum
1717 234 1764 286 se
1791 234 1839 286 se
1866 234 2107 296 brachijs,
2174 241 2175 297 j

347 300 566 351 infundit
585 299 738 356 ultro,
759 301 1004 366 Angelica
1028 298 1282 351 venustas:
1319 300 1628 366 superbimus
1651 300 1713 350 de
1732 300 1976 356 sordibus,
1995 302 2105 366 glo-
2174 358 2175 363 ,

344 367 532 415 riamur
561 365 624 413 de
641 364 762 414 fuco
778 398 791 419 ‚
815 366 1085 414 corniculae
1110 361 1286 418 instar,
1309 379 1465 426 quam
1499 363 1817 427 deplumabit
1847 379 1988 413 mors
2012 367 2107 414 im-
2173 369 2175 374 “

345 428 557 541 ςπίνίίέι,
578 426 910 494 detrae‘n'sque
932 429 1121 495 spoliis,
1148 426 1398 494 putredini
1419 426 1776 492 vermibusque
1802 431 1853 477 in
1884 428 2108 493 praedam

346 514 366 541 ι
383 509 409 542 a
447 507 499 541 it.

473 556 671 608 LEUC:
740 555 1084 607 Crediderim,
1114 551 1262 618 ¹quod
1292 554 1438 603 multi
1471 553 1651 603 formae
1677 553 1769 604 suae
1797 551 1956 619 magis
1983 569 2104 603 con·
2171 610 2172 617 ἵ

342 619 620 674 sulerent,fi
646 620 836 669 formas
865 620 1175 669 cadavericas
1203 620 1543 667 examinarent
1561 617 1797 672 crebrius,
1819 633 1976 680 quam
1998 634 2104 682 par-

344 685 498 732 tiales.
566 684 665 733 Sed
687 700 851 739 raros,
882 683 970 733 nisi
998 684 1172 735 fallor,
1194 684 1432 747 reperieS,
1455 683 1541 744 qui
1569 696 1690 730 cum
1718 682 1966 731 Lidvvina
1997 697 2103 730 ma-
2170 742 2171 746 Ἰ

345 747 436 795 lint
456 747 549 796 effe
572 747 853 801 deformes,
883 747 1039 810 quam
1071 745 1237 795 minus
1261 741 1392 793 casti.
1461 746 1618 792 MEL:
1686 745 1765 794 Sic
1791 760 1979 809 nempe
2010 759 2104 793 no·
2170 775 2171 778 =

344 807 438 859 stra
469 826 698 860 amamus
728 813 972 877 pericula,
995 823 1048 858 ut
1065 825 1343 875 pereamus,
1413 810 1543 859 Non
1571 809 1709 857 enim
1739 809 1934 859 multis,
1958 811 2102 863 reor,
2170 825 2175 875 J

342 874 465 923 Divi
483 875 773 925 Bernardini
799 876 1024 940 elogium
1052 874 1323 938 competit:
1361 873 1469 935 quod
1501 871 1739 926 castitatem
1763 870 1930 930 egregie?
1956 869 2103 930 fbrmc‘z‘
2169 884 2171 901 ³

344 949 601 998 repugnante
611 938 858 1000 fimffiffimf}
884 937 1138 991 custodierit.
1201 939 1409 987 Notum
1437 935 1562 984 illud
1581 937 1777 986 Poetae:
1811 951 1915 981 rara
1934 933 1989 987 est
2006 950 2102 980 con-

344 1003 487 1047 cordia
497 1000 647 1060 fbrmae
666 1016 794 1065 atque
809 1004 1048 1063 pudicitiae:
1070 1002 1188 1067 quia
1210 998 1378 1059 difficile
1394 998 1622 1053 custoditur
1641 1000 1749 1062 quod
1757 999 1907 1059 plures
1925 1010 2102 1045 amant:

345 1066 395 1117 ὃς
415 1065 556 1127 aliquo
580 1067 700 1110 modo
721 1068 776 1113 (φ
794 1066 1020 1127 aliquando
1045 1075 1336 1123 expugnatur,
1367 1064 1476 1124 quod
1497 1061 1650 1122 ubique
1668 1060 1897 1120 ,inceffitum
1998 1061 2105 1110 Uti-
2166 1063 2169 1110 ξ

339 1143 465 1178 nam
483 1142 595 1176 ‚non
614 1127 736 1189 saepe
756 1127 924 1190 saepius
941 1159 954 1178 ,
974 1125 1079 1175 hoc
1102 1125 1340 1186 probaret
1368 1124 1694 1186 experientia,
1720 1138 1816 1171 nec
1843 1124 1899 1172 in
1921 1137 2104 1187 corpo·
2167 1169 2169 1172 Α

340 1204 419 1241 re,
480 1187 587 1235 uod
607 1191 733 1233 DEI
743 1189 948 1247 templum
970 1183 1072 1241 est,
1098 1185 1329 1235 Dostore
1351 1182 1612 1249 Apostolo
1627 1218 1640 1239 ,
1656 1188 1808 1234 toties
1833 1197 2106 1236 renovaret

343 1250 474 1300 moe'l
502 1266 528 1298 a
547 1251 782 1313 Solymaei
808 1251 984 1314 templi
1008 1249 1211 1297 excidia.
1263 1250 1548 1298 Surrexerat
1571 1249 1812 1299 ostavum
1831 1248 1937 1298 hoc
1956 1265 2104 1298 mun-

343 1315 394 1363 di
419 1314 743 1364 miraculum,
775 1329 914 1361 mera
941 1315 1069 1361 inter
1097 1313 1362 1363 miracula,
1393 1327 1451 1359 ex
1483 1313 1717 1362 candenti
1748 1328 2008 1362 marmore
2038 1311 2105 1361 fic

341 1378 603 1441 septennio
628 1388 875 1430 creverat,
901 1387 956 1423 ut
976 1388 1149 1423 tamen
1169 1375 1369 1422 nullum
1396 1375 1588 1423 audires
1623 1376 1792 1423 mallei
1813 1373 2070 1440 strepitum
2087 1407 2103 1430 ,
2164 1380 2166 1382 ’

343 1443 543 1504 triginta
567 1439 846 1489 hominum
880 1438 1033 1486 millia
1059 1436 1398 1502 praeparabant
1426 1438 1604 1487 cedros
1635 1451 1786 1502 atque
1818 1437 2097 1502 cupreffos:

341 1502 618 1567 oitogefies
644 1503 785 1554 mille
815 1500 1033 1566 lapicidae
1064 1516 1324 1549 marmora
1342 1501 1707 1566 perpoliebant.
1771 1502 1913 1567 Quid
1932 1502 2100 1551 dicam

343 1568 406 1615 de
427 1567 691 1631 splendore
716 1569 770 1615 ὃς
795 1565 1082 1634 opulentia?
1118 1564 1465 1628 superbiebant
1485 1565 1664 1614 obrizo
1684 1568 1999 1615 coruscantes
2021 1580 2104 1629 pa-

343 1633 513 1683 rietes,
539 1629 723 1681 Phoebi
753 1628 892 1685 iubar
916 1643 1074 1694 prope
1098 1631 1425 1682 extinxerant,
1448 1628 1612 1676 decies
1638 1629 1776 1677 mille
1805 1628 2103 1678 candelabra

345 1708 494 1742 aurea
509 1725 522 1746 ,
546 1692 628 1740 die
647 1690 907 1755 noituque
923 1691 1172 1740 ardentia:
1208 1691 1587 1740 thuribulorum
1606 1693 1782 1755 viginti
1807 1693 1961 1740 millia
1974 1692 2103 1742 Ara·
2160 1750 2162 1754 y

345 1756 484 1804 biam
512 1756 688 1820 jugiter
722 1755 1040 1805 exhalabant:
1092 1769 1149 1802 ex
1172 1769 1297 1805 auro
1329 1753 1586 1819 puriffimo
1614 1754 1934 1818 fulgurabant
1952 1755 2099 1808 Arae,
2130 1762 2131 1765 ’
2160 1783 2161 1786 =

344 1817 429 1870 hic
451 1831 668 1868 oneratae
698 1818 859 1867 decies
878 1819 1016 1867 mille
1042 1820 1199 1867 aureis
1228 1816 1515 1885 phiali8,ibi
1537 1817 1740 1882 vigesies
1772 1818 1912 1866 mille
1939 1833 1998 1866 ex
2029 1833 2100 1867 ar-
2160 1855 2161 1859 ,

345 1895 501 1947 gento
530 1880 878 1933 candidissimo
905 1883 1080 1946 pateris
1110 1893 1385 1930 exornatae:
1425 1881 1547 1943 quid
1572 1881 1773 1931 multis?
1814 1881 2101 1930 ,Sacrarium

347 1947 559 2000 diceres,
580 1947 631 1993 in
660 1960 767 2008 quo
798 1945 1082 1995 excolendo
1107 1960 1321 1994 omnem
1346 1946 1599 2011 ,Sapientia
1620 1944 1844 1992 humana
1874 1941 2099 1993 industri·
2158 1956 2160 1990 ς

348 2024 454 2055 am:
491 2011 542 2057 in
566 2009 680 2072 quo
712 2009 922 2059 ditando
946 2010 1166 2058 Orientis
1197 2024 1318 2075 opes
1346 2021 1524 2058 natura
1554 2005 1748 2071 penitus
1785 2005 2095 2056 exhaufiffet:
2158 2019 2160 2063 ᾗ

349 2074 399 2120 ὅς
422 2084 592 2119 tamen
619 2069 889 2135 postquam
911 2072 1063 2120 semel
1091 2068 1393 2120 destruetum
1410 2104 1422 2124 ,
1440 2071 1507 2120 ,ad
1531 2072 1757 2134 priorem
1784 2068 1957 2119 denuo
1987 2072 2096 2135 glo-
2158 2091 2159 2096 ¹

347 2136 475 2183 riam
511 2134 800 2188 surrexifl'et,
823 2133 949 2185 taeda
986 2133 1132 2185 unica
1153 2169 1166 2190 ‚
1207 2150 1363 2197 quam
1393 2131 1420 2184 ὲ
1445 2136 1567 2184 turri
1603 2131 1928 2185 Antoniana,
1953 2135 2098 2183 miles
2156 2143 2159 2200 ᾗ

349 2199 475 2251 Titi,
509 2200 779 2246 temerario
802 2198 991 2253 furore,
1016 2201 1273 2257 injecerat,
1296 2210 1402 2246 tam
1421 2195 1585 2246 subito
1614 2194 1896 2260 concepisse
1913 2197 2098 2247 Vulca-
2154 2201 2158 2240 ΐ

349 2274 477 2308 num
506 2260 697 2314 ferunt,
726 2274 778 2308 ut
809 2274 918 2310 tota
939 2263 1174 2326 Solyma,
1206 2261 1304 2310 una
1335 2277 1455 2309 cum
1481 2263 1727 2311 Romano
1751 2261 1969 2308 exercitu
1993 2292 2006 2315 ,
2032 2260 2098 2310 ad
2154 2241 2158 2316 J

351 2319 698 2386 restinguenda
726 2325 953 2374 incendia
986 2326 1256 2376 advolante
1278 2360 1289 2376 ,
1317 2323 1585 2390 prohibere
1611 2324 1891 2385 nequiverit
1910 2356 1923 2378 ,
1950 2339 2014 2371 ne
2044 2326 2097 2372 in
2154 2320 2157 2389 J

349 2383 503 2434 tristes
523 2388 916 2438 cineres,iterato
940 2389 1045 2439 fato
1061 2424 1074 2444 ,
1098 2389 1446 2438 collaberetur.
1515 2387 1613 2436 En!
1637 2385 1976 2450 Archetypon
2004 2386 2094 2436 hu-
2152 2398 2156 2442 l

350 2451 491 2500 mani
516 2451 767 2514 corporis:
803 2449 976 2499 suffieit
993 2454 1334 2518 saepenumero
1359 2452 1546 2516 peccati
1571 2451 1717 2499 unica
1737 2449 1956 2503 scintilla,
1977 2465 2094 2514 prae-
2151 2447 2156 2513 ἓ

352 2507 497 2578 cipue
523 2512 712 2577 Cypriis
736 2511 769 2560 si
795 2512 851 2560 sit
878 2514 1067 2580 delapsa
1088 2518 1320 2571 caminis,
1340 2518 1395 2565 ὅ(
1426 2529 1551 2564 mox
1583 2514 1636 2561 in
1665 2524 1800 2560 tanta
1828 2512 2092 2565 exardescit
2151 2517 2155 2582 J

350 2574 578 2628 incendia
593 2609 606 2634 ,
625 2588 680 2627 ut
703 2576 837 2627 nulla
858 2580 1126 2640 gratiarum
1145 2579 1350 2637 fluenta,
1367 2578 1504 2633 nulla
1519 2573 1768 2645 Superfim
1794 2574 2093 2631 homisst'lm·

1925 2652 2025 2701 que
