2175 2911
61 1343 273 1390 Uardanus

62 1407 153 1478 1,.8.
168 1423 248 1452 va„

63 1482 276 1529 reet.c.43

72 2154 278 2204 Schottm.

359 133 425 167 20
924 114 1070 167 ..Adra
1088 111 1413 175 Philofhphicm.

295 219 453 260 xatos,
477 202 578 254 fine
597 215 748 253 mora
759 200 985 257 avolant,
1004 203 1056 252 &
1073 199 1127 250 in
1141 212 1321 248 :tenues
1349 193 1589 262 exspirant
1612 207 1771 245 auras.
1795 257 1808 266 Ι.
1834 194 1957 266 Jam
1975 210 2062 261 ge..

297 286 389 320 nus
416 269 638 318 fulminis
671 267 904 333 porrigit,
924 265 1041 325 sicci,
1065 277 1194 329 atque
1226 262 1472 322 dzfijcientis
1491 280 1505 308 .·
1549 257 1696 324 quod
1725 256 1811 307 ubl
1835 273 1889 321 in
1919 259 2068 310 dolio

300 331 653 383 consumendo
677 329 1056 396 propemodum
1086 328 1184 385 jam
1208 325 1258 377 se
1288 324 1622 390 consumpsit,
1650 324 1853 375 fumosa
1873 322 2064 376 viscofi-

299 410 415 451 rate,
441 399 620 445 vinum
644 394 806 443 ambit
831 389 979 441 instar
1000 391 1259 457 pelliculae,
1283 391 1504 439 evocatis
1525 389 1588 438 ad
1607 388 1919 455 superficiem
1946 391 2066 439 crasi

299 459 508 509 fioribus
530 455 557 507 'e
581 461 704 508 vino
732 457 971 522 spiritibus
992 488 1003 508 ,
1032 452 1203 517 ibique
1239 455 1289 502 in
1319 452 1676 502 membranam
1705 466 1915 503 tenuem
1943 469 2068 503 con-

303 523 529 572 densatis.
607 520 705 570 Sed
732 522 848 584 quia
872 517 1070 568 difficile
1095 518 1248 567 verba
1269 516 1390 565 dare
1413 515 1728 581 Philosopho
1745 549 1758 570 ,
1779 517 2070 583 exemplum

304 602 452 651 cape,
474 601 581 649 quo
604 586 822 647 Magnus
849 583 935 632 ille
958 581 1223 635 Aibertus,
1249 596 1363 629 rem
1395 576 1526 629 adeo
1557 580 1864 644 paradoxam
1876 614 1896 641 ,
1921 581 2071 630 eluci·

306 651 421 698 dare
446 648 601 697 suevit
623 649 677 696 in
697 646 861 697 Pfillio
897 644 918 702 (
940 644 1104 693 herbae
1127 660 1282 715 genus
1303 640 1371 691 cst
1386 677 1399 697 ,
1426 640 1618 691 viscosa
1638 644 1900 708 praeditum
1920 644 2072 693 §ndo-

305 712 389 770 le>
426 712 530 761 hoc
553 711 588 759 fi
608 713 737 759 vino
752 710 935 766 injicias
949 742 960 760 ,
983 708 1172 757 viscoio
1195 720 1367 757 totum
1384 707 1594 770 replebit
1614 706 1836 757 humore
1850 741 1864 763 ,
1885 709 1972 770 qui
1994 723 2072 756 ca-

309 778 418 825 lore
440 773 650 828 massici,
674 773 737 822 ad
754 775 940 821 extima
964 771 1219 835 propulsus
1236 806 1247 821 ,
1276 767 1576 818 membrana
1598 771 1855 834 liquorem
1879 768 2070 824 vestiet,

311 843 361 889 ὅς
382 839 569 902 absque
591 837 698 886 vase
720 835 1000 885 continebit
1014 868 1026 888 ,
1048 850 1110 882 ne
1137 832 1321 881 effluat.
1423 833 1662 895 Denique
1687 834 1796 884 haec
1813 835 1956 890 Ales,
1975 834 2071 882 ful-

308 904 458 951 minis
478 897 645 950 custos
662 934 673 955 ,
698 901 825 949 irato
850 900 879 957 J
884 902 967 947 ovi
1001 896 1227 947 obtrudit
1246 896 1344 944 tela
1360 929 1373 950 ,
1402 895 1574 952 trisulco
1592 898 1690 953 igne
1712 900 1932 950 urentia,
1957 912 2067 960 quae

307 965 572 1014 subtilitate
590 963 674 1012 sua
697 978 850 1027 poros
881 976 1059 1010 omnes
1084 961 1306 1008 celeriter
1324 970 1600 1021 permeant,
1615 958 1924 1022 lignaquc,&
1944 975 2073 1008 mar-

310 1044 459 1077 mora
489 1039 763 1075 momento
795 1027 845 1071 iu
876 1024 1136 1086 pulverem
1169 1022 1419 1082 redigunt.
1520 1021 1654 1067 Hinc
1687 1021 1901 1075 fastum,
1925 1021 2068 1075 reor,

313 1107 401 1140 cur
425 1090 507 1137 ieri
543 1089 754 1136 fulmine
783 1083 1057 1145 aliquando
1095 1082 1416 1144 disparuerint
1439 1113 1452 1131 ,
1479 1081 1623 1142 quod
1652 1082 1716 1130 de
1736 1085 1969 1132 Romulo
1991 1087 2071 1134 Li-

312 1157 443 1201 vius:
481 1166 602 1197 nam
631 1149 925 1209 contingere
950 1146 1145 1208 potuit,
1166 1156 1220 1190 ut
1238 1154 1514 1190 momento
1543 1144 1887 1208 redigerentur
1909 1149 1959 1195 in
1983 1150 2074 1196 mi-

311 1211 623 1262 nutissimum
649 1211 936 1276 pulverem,
964 1208 1055 1270 qui
1075 1218 1349 1258 ventorum
1388 1206 1587 1255 turbiue
1605 1208 1663 1256 in
1689 1223 1831 1259 auras
1852 1209 2071 1272 denique

307 1276 370 1326 sit
388 1274 653 1339 diffipatuS.

440 1338 640 1390 LEUC:
725 1337 848 1386 Hoc
869 1334 907 1384 si
930 1349 1112 1385 verum
1129 1367 1142 1389 ‚
1167 1345 1321 1380 urente
1339 1334 1521 1397 pariter
1541 1332 1728 1394 fulmine
1758 1336 1920 1387 ‘saites
1935 1371 1948 1392 ,
1967 1353 2074 1386 cre-

316 1403 385 1454 do
402 1436 415 1458 ,
434 1403 678 1454 Messores
699 1401 828 1454 illos,
849 1401 934 1462 qui
954 1400 1008 1446 in
1027 1400 1232 1447 Lemno
1254 1398 1441 1452 Insula,
1462 1398 1582 1447 cum
1603 1396 1739 1448 forte
1759 1398 1964 1450 fortuna
1981 1416 2071 1450 cae-

312 1479 508 1520 narent,
524 1466 798 1513 momento
818 1463 1015 1511 fuerant
1045 1462 1331 1510 exanimati:
1367 1463 1421 1510 ὅ(
1448 1462 1596 1524 quod
1621 1465 1838 1519 mireris,
1859 1465 1966 1513 fato
1996 1481 2074 1514 ex-

314 1527 555 1593 spirarunt
577 1530 643 1576 ita
659 1526 898 1579 mirabili,
922 1537 975 1573 ut
992 1536 1273 1577 manerent,
1300 1524 1488 1573 eodem
1502 1527 1557 1573 in
1577 1524 1689 1581 fitu,
1711 1530 1960 1576 exanimes
1988 1544 2073 1578 ve-

314 1593 404 1640 luti
422 1588 615 1644 statuae,
632 1585 820 1651 hicque
846 1587 1145 1640 comedere,
1166 1589 1206 1635 is
1236 1589 1317 1635 ori
1352 1587 1636 1637 admovere
1663 1591 1913 1654 poculum
1938 1592 2070 1640 vide«

315 1668 466 1703 retur.
566 1649 709 1707 Imo,
730 1649 922 1710 jurasses
943 1653 1112 1703 vivos,
1136 1648 1189 1697 ni
1218 1651 1492 1699 mortuales
1515 1652 1701 1705 larvas,
1725 1654 1934 1716 fuligine
1956 1655 2072 1703 luri-

317 1717 408 1766 dus
426 1712 679 1781 probasset
698 1716 862 1769 color,
884 1709 1086 1776 levique
1103 1713 1237 1762 tastu
1254 1716 1304 1762 in
1330 1716 1516 1762 cineres
1541 1714 1848 1764 corruissent.
1946 1718 2072 1766 Haec

318 1776 534 1844 potestas
563 1783 726 1825 urentv's
744 1777 953 1838 flammae;
992 1780 1155 1841 capio.
1225 1776 1325 1825 Sed
1356 1775 1479 1825 illud
1511 1777 1773 1842 Oedipum
1796 1780 1945 1842 petit,
1980 1796 2072 1829 cur

317 1846 564 1906 liquores,
586 1842 797 1891 fulmine
822 1841 959 1895 taeti,
980 1840 1044 1890 sic
1073 1852 1477 1904 corrumpantur,
1499 1852 1553 1888 ut
1576 1837 1769 1889 temere
1790 1854 2071 1904 potantem,

320 1908 399 1954 vel
419 1909 615 1955 ratione
634 1907 845 1970 privent,
872 1906 951 1953 vel
970 1902 1097 1953 vita?
1176 1905 1333 1949 MELi·
1408 1903 1655 1952 Refundit
1672 1905 1926 1968 Peripatus
1952 1906 2074 1962 ejus-

320 1970 467 2017 modi
494 1972 828 2033 experimenta
853 1970 908 2016 in
929 1978 1197 2019 venenatas
1221 1967 1478 2028 qualitates
1494 2000 1506 2020 ,
1530 1969 1581 2013 in
1610 1968 1996 2030 graveolentem
2012 1986 2072 2019 o-

316 2032 503 2080 dorem
533 2032 774 2096 sulphuris
802 2065 817 2086 ,
849 2034 905 2079 in
939 2029 1265 2080 diffufionem
1299 2031 1578 2079 noxiorum
1613 2030 1871 2094 spirituum
1891 2064 1910 2085 ,
1941 2046 2072 2095 quos

320 2093 351 2143 ὲ
384 2095 697 2158 putrescentis
729 2109 866 2144 terrae
893 2095 1122 2144 cavernis
1146 2108 1256 2141 non
1292 2090 1406 2143 raro
1434 2091 1683 2141 attrahere
1708 2093 1832 2141 solet
1854 2094 2068 2143 fulmen.

324 2157 583 2212 Eiusmodi
623 2171 874 2207 venenato
902 2158 1090 2222 spiculo
1119 2157 1242 2205 istus
1272 2157 1357 2204 ille
1392 2158 1441 2204 in
1470 2157 1703 2220 Peripato
1726 2156 1955 2220 Sophus,
1980 2159 2068 2219 qui

324 2219 586 2284 lymphato
606 2219 769 2269 similis
790 2221 1008 2270 discurrit
1025 2236 1109 2284 per
1133 2219 1491 2282 templum,fibi
1508 2219 1650 2268 reddi
1664 2215 1918 2283 postulans
1939 2219 2070 2269 abla-

326 2297 435 2331 tum
457 2294 627 2345 caput:
666 2283 803 2331 subin
821 2281 1068 2332 restitutus
1082 2282 1173 2332 sibi
1197 2284 1259 2331 ad
1275 2284 1506 2346 pluteum
1520 2279 1668 2332 rediit
1677 2299 1693 2334 5
1711 2282 1793 2330 sed
1814 2284 1964 2330 tertio
1988 2284 2068 2333 die

323 2342 529 2410 repente
550 2349 735 2392 corruit
755 2345 885 2395 triste
907 2348 1074 2396 funus.
1172 2346 1303 2395 Illud
1326 2348 1514 2394 mirum
1526 2372 1551 2400 ,·
1565 2343 1714 2410 quod
1742 2357 2007 2400 venenata,
2031 2347 2068 2396 fi

324 2409 537 2458 fulmine
557 2420 849 2470 tangantur,
868 2410 1070 2459 subinde
1087 2424 1344 2459 venenum
1364 2422 1583 2473 ponant,
1604 2411 1658 2458 ὃς
1679 2406 1924 2470 serpentes
1946 2424 2069 2459 con-

324 2486 398 2521 tra
429 2473 677 2521 Naturam
707 2474 1112 2522 vermiculentur:
1150 2474 1279 2520 ratio
1308 2471 1538 2527 forsitan,
1565 2468 1705 2533 quod
1734 2484 1990 2520 venenum
2014 2489 2067 2522 u-

316 2551 450 2587 rium
476 2535 785 2587 contrarium
807 2535 945 2585 alteri
968 2569 983 2592 ,
1011 2550 1100 2588 aut
1132 2535 1312 2588 halitus
1337 2537 1510 2600 igneus
1539 2533 1814 2585 humorem
1842 2533 2066 2648 absfflnar
