2175 2911
395 114 414 146 1
426 113 482 156 32
978 93 1156 155 Vt‘rgula
1184 94 1402 155 Morphet',

328 196 432 245 hoc
451 189 520 242 est
541 195 592 242 in
618 192 856 244 omnibus
877 190 1110 245 somnus,
1136 193 1224 255 qui
1242 187 1506 241 necessaria
1525 200 1777 259 vaporum
1804 190 1989 247 nebula
2008 212 2081 250 ra·
2153 198 2175 251 ,“

330 260 528 307 tionem
551 258 758 310 minuit,
783 255 816 305 si
837 272 946 305 non
971 253 1170 320 penitus·
1190 256 1338 303 tollit.

463 321 658 371 LEUC:
693 321 983 370 Planiorein
1019 318 1180 366 somni
1202 317 1459 381 Physicam
1483 319 1789 369 enodaveras
1813 320 2073 373 haetenus:

326 382 578 448 supersunt
600 384 762 446 aliqua
784 416 796 437 ,
834 398 942 445 quae
964 381 1085 430 mihi
1107 380 1313 442 quidem
1338 381 1566 429 videntur
1592 385 1716 432 mira
1742 417 1754 438 ‚
1790 385 1823 432 fi
1855 401 1964 434 non
1986 390 2077 435 mi-

325 448 508 496 racula.
578 447 781 495 Horum
803 446 964 495 causas
991 444 1300 508 cognoscens
1325 444 1632 508 cognoscam
1657 482 1671 497 ,
1708 446 1743 495 fi
1766 463 1852 512 per
1877 461 1924 496 te
1945 450 2077 498 licet.
2153 482 2158 511 2

325 511 613 560 Martialem
643 510 811 559 evolvi
835 524 990 573 nuper
1012 541 1025 561 ‚
1061 507 1193 572 apud
1219 522 1374 569 quem
1409 504 1436 556 ὲ
1467 508 1669 571 gliribus
1700 525 1826 559 unus
1859 510 1923 559 fic
1954 515 2077 576 poe'-

78 587 135 634 L.
154 596 225 643 13,
327 587 481 622 tatur:
511 587 606 620 tota
631 574 738 620 mihi
765 575 976 619 dormitur
995 573 1136 630 hyems
1157 607 1168 619 ‚
1193 573 1249 617 Θ
1266 573 1466 630 pinguior
1494 572 1563 617 illo
1599 583 1788 631 tempore
1812 574 1906 630 sum
1932 610 1942 625 ‚
1981 576 2076 622 calm

327 653 394 684 me
415 637 477 682 nil
497 637 570 694 nisi
580 637 747 694 fiimnus
767 635 911 682 habet.
980 635 1108 683 Felix
1128 633 1331 682 somnus
1350 667 1363 687 ⁷
1400 635 1486 697 qui
1512 648 1650 682 curat
1668 635 1859 684 famem
1875 670 1888 691 ‚
1912 636 2079 687 {imul-

326 716 425 764 que
443 712 679 763 procurat
693 698 1073 764 pinguedinem!
1089 697 1332 760 Apuleius
1356 697 1512 745 multa
1527 698 1576 742 de
1589 697 1740 744 nebula
1748 699 1898 755 fimuzi,
1921 715 2078 763 quam

326 764 495 813 extalis
517 763 731 825 sequitur
759 759 889 811 adeo
909 762 1050 809 fortis
1071 794 1083 813 2
1110 773 1163 808 ur
1185 776 1277 807 nec
1297 761 1507 808 Brontes
1531 794 1542 813 ‚
1579 777 1671 809 nec
1694 763 1925 827 Steropes
1950 796 1962 817 ‚
1983 779 2079 812 nec

325 827 423 892 ipse
435 826 590 876 credo
605 827 889 890 Pyracmon
911 825 1148 889 soporem
1161 823 1446 871 discuteret:
1470 824 1609 887 plura
1631 822 1842 874 historice
1866 826 1928 874 de
1949 827 2081 875 som-
2155 823 2158 873 j

323 892 399 939 nis
422 887 552 940 adeo
576 889 817 938 diuturnis
841 922 853 942 ,
890 900 945 936 ut
964 886 1274 936 dormiendo
1297 883 1529 935 sacculum
1561 886 1830 951 superarint
1855 890 2079 939 semivivi
2173 898 2175 907 '

324 954 688 1017 Endymiones.
738 955 892 999 MEL:
931 951 1158 999 Multain
1181 950 1445 998 cumulum
1459 952 1711 1012 congeris:
1732 950 2077 1015 pensiculatius

324 1016 512 1079 lingula
532 1016 842 1063 arbitremur,
913 1013 1073 1076 Qod
1095 1014 1333 1060 Martialis
1354 1013 1414 1059 de
1429 1013 1634 1074 gliribus
1658 1045 1670 1064 ‚
1707 1029 1944 1062 arcanum
1969 1030 2078 1063 non

323 1076 410 1132 est,
425 1079 567 1141 quod
586 1079 774 1140 superet
795 1075 1128 1138 Philoiopliiae
1153 1075 1382 1140 tribunal.
1452 1076 1540 1121 His
1563 1076 1698 1121 enim
1714 1106 1726 1126 ,
1753 1075 1877 1123 dum
1899 1075 2075 1140 hyber-

323 1144 396 1188 nis
417 1142 463 1188 se
487 1142 531 1187 se
557 1140 752 1186 latebris
782 1139 1073 1189 continent,
1100 1135 1403 1197 obtorpeicit
1425 1137 1620 1184 nativus
1651 1138 1788 1185 calor
1810 1170 1822 1191 ‚
1845 1141 1930 1201 qui
1952 1139 2073 1190 cum

319 1201 501 1251 lentius
533 1201 811 1249 humorem
848 1199 1098 1251 absumat,
1129 1199 1386 1261 pituitanh
1419 1201 1469 1246 in
1497 1201 1703 1262 penario
1731 1201 1870 1250 velut
1897 1203 2074 1251 dome-

319 1263 462 1319 stico,
488 1263 776 1313 asservatam
793 1298 803 1313 ,
830 1263 974 1312 vertit
997 1264 1047 1310 in
1067 1276 1249 1309 corum
1270 1258 1589 1311 substantiam
1611 1296 1625 1317 ‚
1661 1278 1759 1325 qua
1776 1267 2071 1315 nutrimenti

316 1326 440 1377 loco
471 1324 590 1392 pasti
613 1359 624 1379 ‚
661 1326 783 1387 quid
811 1328 996 1374 mirum
1019 1321 1113 1378 est,
1148 1323 1180 1371 si
1215 1323 1505 1372 dilatentur?
1555 1327 1846 1390 Soporifera
1864 1328 2067 1392 Apuleij

65 1421 121 1468 f,
315 1392 500 1440 nebula
522 1405 615 1438 ncc
641 1404 795 1437 unam
819 1418 832 1440 ‚
869 1403 961 1436 nec
986 1388 1181 1451 planam
1209 1386 1336 1435 adeo
1363 1386 1560 1437 sortitur
1576 1392 1841 1453 originem.
1911 1395 2071 1442 Natu-

66 1435 243 1529 l'ssmje
316 1457 403 1503 rali
437 1456 619 1502 virtute
650 1451 887 1515 exspirant
913 1451 1047 1498 illam
1072 1466 1289 1497 ren-tna:
1340 1446 1455 1498 hinc
1493 1452 1554 1500 de
1581 1453 1778 1502 Medaea
1802 1455 2059 1505 Valerius:

68 1519 138 1594 A*
160 1519 170 1530 '
316 1518 474 1564 Colchis
494 1517 691 1576 spumare
713 1517 900 1565 venenis,
937 1514 1163 1574 cmzc‘t'a'que
1184 1513 1342 1558 Lechaei
1367 1513 1734 1575 qztaffizrefilentia
1756 1520 1870 1564 rami
1883 1517 2062 1578 perstat.

119 1559 236 1632 ’Ἐφ’
314 1582 384 1630 Ex
408 1577 672 1630 Maronefi
693 1592 880 1640 quaeras
895 1610 907 1630 ‚
945 1577 1324 1624 medicamentis
1339 1574 1474 1624 illam
1494 1579 1733 1628 adscribet
1751 1597 1763 1632 3
1778 1580 1841 1630 fic
1856 1582 2066 1631 Cumaea

66 1624 238 1674 AEnezd.
254 1619 280 1666 6
313 1643 542 1693 Cerbero
562 1643 672 1687 mille
681 1641 938 1700 stipor-atam,
972 1642 1027 1686 eff
1058 1641 1277 1685 medicatis
1292 1637 1490 1697 frugibus
1518 1640 1642 1698 c-fflzm
1665 1642 1828 1700 obijcit.
1929 1646 1979 1693 Si
2005 1662 2063 1694 ex

311 1708 532 1759 Nasone,
555 1704 716 1753 herbis
735 1703 1032 1759 adjudicabit
1055 1706 1103 1751 ὃς
1128 1702 1302 1750 succis:
1347 1702 1411 1750 iic
1434 1705 1567 1750 enim
1589 1705 1668 1752 ille
1699 1705 1761 1752 de
1784 1706 2058 1756 Colchide:

2155 1665 2159 1698 i

2155 1724 2159 1746 l

63 1770 112 1818 7.
130 1759 244 1805 Met.
305 1771 563 1833 pervigilem
585 1766 767 1827 ficperest
792 1766 930 1812 herbis
948 1768 1087 1826 sopire
1109 1769 1367 1815 Draconem,
1393 1767 1554 1812 Lethaei
1571 1768 1843 1829 spargendum
1860 1774 2059 1828 gramine
2154 1788 2159 1838 ff

299 1836 427 1892 succi,
497 1831 595 1881 Sed
615 1833 663 1880 &
691 1832 860 1894 Magia
879 1830 996 1894 saepe
1013 1862 1026 1882 ,
1063 1829 1125 1877 ad
1149 1828 1461 1876 excitandam
1475 1829 1602 1878 lianc
1622 1831 1786 1879 somni
1799 1832 2055 1885 nebulam,

308 1899 390 1947 sua
409 1896 618 1962 applicat
640 1892 935 1958 pharmaca,
971 1908 1080 1940 non
1112 1893 1211 1940 alio
1235 1890 1322 1939 nifi
1342 1894 1449 1940 orci
1472 1891 1571 1941 sive
1590 1894 1757 1942 Genio
1787 1893 1886 1944 five
1906 1897 2057 1946 Mini-
2154 1839 2160 1961 i

63 1965 191 2016 Ovid.
207 1974 253 2021 7.
311 1960 427 2009 stro.
484 1962 639 2010 Nunc
657 1956 903 2006 maleficia
925 1955 1153 2004 exhalant
1181 1955 1365 2004 verbis:
1400 1955 1616 2019 verba'que
1643 1969 1712 2004 ter
1734 1958 1861 2009 dixit,
1868 1959 2058 2018 placidos

63 2031 180 2077 Met.
303 2023 512 2084 facientia
532 2023 695 2077 somnos
718 2038 731 2065 .·
767 2036 902 2069 nunc
926 2019 1150 2068 cantibus
1188 2018 1420 2082 inspirant
1445 2035 1454 2066 :
1492 2019 1557 2065 Tu
1584 2036 1745 2083 quoque
1773 2021 1933 2068 reliC-Zis
1953 2034 2054 2083 per·
2155 1974 2160 2094 ι

63 2091 194 2153 Apud
211 2092 280 2136 Se·
309 2088 420 2147 vigil
439 2087 593 2133 Colchis
617 2086 713 2130 acles
734 2117 746 2137 ,
773 2084 910 2143 fhpc'te
928 2085 1118 2143 primtkm
1140 2085 1332 2127 cantibus
1347 2082 1514 2142 serpens
1533 2086 1663 2128 meis:
1699 2099 1836 2133 nunc
1853 2085 2052 2149 sopiunt

55 2169 223 2203 mecam.
309 2151 446 2200 ferali
471 2150 620 2198 fumo
642 2180 654 2201 ‚
691 2162 843 2209 quem
861 2148 1072 2194 excitant
1099 2141 1255 2193 adusti
1274 2145 1575 2194 cadaverum
1597 2146 1763 2211 digiti:
1800 2163 1935 2196 nunc
1955 2149 2053 2199 foe-
2155 2095 2160 2224 i

61 2218 154 2269 Del
176 2217 262 2264 Rio
309 2227 421 2264 tore
450 2247 462 2267 ‚
498 2226 653 2274 quem
679 2209 916 2273 exspirant
951 2209 1073 2258 tabo
1116 2210 1370 2256 manantia
1409 2222 1738 2258 mortuorum
1774 2208 2051 2261 hominum
2155 2225 2159 2254 ι

58 2295 158 2332 -t.2.
307 2277 562 2329 membra:
598 2287 734 2322 nunc
758 2272 891 2320 fatali
908 2274 1115 2325 lumine,
1135 2271 1276 2334 quod
1295 2271 1653 2322 subobscurum
1674 2272 1928 2329 exhalant,
1948 2290 2051 2325 cer·
2155 2256 2160 2349 ἰ

307 2355 369 2392 to
388 2341 508 2390 oleo
531 2336 768 2389 immdtae,
794 2348 933 2383 certo
957 2335 1144 2398 lychno
1174 2331 1437 2387 instrustau
1464 2337 1606 2385 certis
1632 2336 1803 2386 ritibus
1830 2338 2049 2388 incanta-

309 2419 371 2455 tae
391 2404 544 2454 faces:
590 2414 726 2450 nunc
746 2410 952 2447 centum
980 2399 1080 2454 aliis
1099 2397 1381 2448 Thessalicis
1400 2399 1600 2454 artibus,
1619 2415 1740 2463 quas
1759 2402 1814 2449 in
1825 2402 1948 2450 Orci
1960 2402 2048 2450 Pe-

310 2471 473 2535 ripato
494 2465 627 2517 discit
655 2465 706 2514 &
734 2461 886 2511 docet
920 2457 1242 2526 praestigiatrix
1273 2462 1515 2534 impietas.
1583 2464 1765 2512 Somni
1787 2475 2046 2527 tempora,

2155 2630 2159 2666 ι

2154 2670 2159 2726 ἶ

308 2531 491 2585 diutius
511 2530 539 2584 a
560 2524 858 2596 quibusdam
875 2524 1147 2592 protracta,
1184 2525 1327 2590 quod
1346 2537 1520 2583 attinet
1533 2557 1548 2582 ‚
1580 2525 1717 2579 haud
1745 2523 2044 2641 dugeiamsira
