2175 2911
408 132 426 164 1
437 118 504 166 08
966 113 1084 168 'Circe
1106 116 1419 178 Philofhphicm

329 214 508 263 tiosam
521 246 535 267 ‚
571 210 697 263 dum
717 212 782 262 ait
793 230 810 262 t
840 213 887 259 Si
901 213 1089 260 volueris
1113 213 1355 262 attendere,
1375 223 1533 269 magna
1545 207 1648 258 vitae
1657 221 1762 272 pars
1778 209 1968 260 elabitur
1981 231 2074 263 mae·

89 251 281 322 &aptat
330 277 370 324 [ἐ
387 276 631 336 agentibus,
652 279 842 323 maxima
853 277 961 323 nihil
977 276 1217 336 agentibus,
1240 287 1333 321 tota
1352 273 1469 319 aliud
1485 273 1720 333 agentibus.
1789 275 1996 326 Verbo:
2016 277 2075 327 fi-

84 327 195 361 text.
205 329 248 360 2.
259 329 307 358 m

87 381 220 425 Dom.

81 445 200 501 Sept.

79 1429 179 1486 Sap.
196 1437 243 1470 ι,

78 1553 194 1603 L.de
204 1565 303 1595 ver.

82 1617 186 1665 Rel.
204 1632 239 1662 c.
256 1625 299 1671 3.

329 355 416 389 eut
435 340 696 405 Ephebuli,
719 342 804 403 qui
825 342 1017 404 etigunt
1042 341 1194 389 luteas
1210 370 1224 392 ‚
1255 337 1367 387 vilia
1385 335 1541 390 testa,
1577 337 1766 387 domos
1781 353 1798 390 3-
1829 339 1914 401 qui
1939 342 2078 402 equi·-

328 415 435 452 tant
455 406 507 452 in
531 403 773 454 arundine
796 400 977 467 long&
1013 406 1100 466 qui
1125 399 1312 450 muscas
1333 413 1452 447 cum
1480 400 1786 449 Domitiano
1810 415 2077 457 venantur,

326 466 417 516 suo
444 466 580 515 sensu
603 467 914 531 Capitolium
940 467 1170 519 fulciunt,
1193 476 1304 513 utut
1324 458 1501 511 nostro
1520 462 1709 520 judicio
1730 476 1995 526 nugentur,
2023 468 2077 517 &

326 532 575 578 otientur:
611 532 677 578 ita
696 545 876 578 omnes
896 532 1254 594 occupationes
1273 526 1550 579 terrenam-in
1570 526 1754 589 quibus·
1768 528 1929 591 gloria
1940 529 2079 583 DEI,

325 595 406 643 vel
432 594 678 647 Proximi,
703 606 787 643 aut
804 590 971 642 nostra
996 592 1117 641 salus
1139 607 1246 640 non
1264 590 1498 653 quaetitur
1512 622 1525 643 ‚
1546 587 1630 637 etfi
1649 591 1820 653 Regni
1839 592 2048 654 negotiis
2062 623 2081 645 ,

326 659 376 707 ὃ(
399 658 597 721 Imperii
620 658 746 706 euris
770 671 1092 705 annumeres,
1116 655 1308 703 Divino
1332 653 1488 715 oculo
1521 667 1698 717 nugaer
1717 654 1925 717 Angelis
1948 653 2082 703 som·

324 723 435 774 nia,
454 721 672 783 Sapienti
693 721 875 782 cuique
894 722 1040 767 inane
1066 720 1229 766 otium
1255 717 1485 765 videntur
1502 749 1513 768 ‚
1536 718 1584 765 &
1611 715 1906 772 judicantur.

453 784 653 834 LEUC:
721 782 981 832 Perl'uades
996 815 1008 834 ‚
1028 795 1081 831 ut
1100 781 1327 844 relegato
1344 779 1404 827 ad
1434 778 1636 827 umbras
1662 781 1800 833 otio,
1820 781 1939 829 totis
1967 781 2081 830 viri-

324 845 418 895 bus
438 862 520 895 me
541 845 724 895 Palladi
746 845 1061 894 consecrem:
1108 844 1189 892 sed
1222 845 1335 905 quia
1367 843 1512 890 multi
1533 855 1763 896 currunt,
1782 858 1878 891 nec
1906 856 2081 892 tamen

324 912 575 973 accipiunt
606 910 834 958 bravium
851 941 863 961 ‚
884 909 1021 956 trade
1050 906 1355 957 methodum
1374 904 1606 954 currendi
1624 904 1755 953 bene
1770 938 1787 958 ‚
1804 906 1931 955 voio
1951 906 2081 955 dice-

326 986 408 1024 re,
436 973 621 1021 Artem
642 971 936 1036 proficiendi
957 971 1091 1017 doce
1106 971 1156 1016 in
1178 965 1410 1016 litteraria
1435 964 1672 1029 palaestra.
1739 969 1898 1016 MEL:
1963 969 2077 1017 Do-

326 1037 430 1082 cuit
450 1035 578 1083 hanc
608 1034 701 1081 suo
723 1033 959 1094 exemplo
978 1033 1044 1077 D.
1070 1030 1345 1089 Gregorius
1367 1028 1791 1136 Thavmaturffus⁷
1814 1030 1957 1083 dum,
1980 1031 2080 1080 Ca·

326 1093 484 1144 stitate
512 1098 685 1146 Duce,
709 1108 765 1141 ac
791 1094 1026 1142 Comite‚
1049 1089 1115 1137 ad
1135 1090 1392 1152 Sapientiae
1413 1089 1619 1135 culmen
1637 1089 1684 1136 fe
1706 1092 1842 1138 iciter
1861 1107 1970 1139 non
1989 1094 2081 1141 mi=

325 1159 418 1205 nus
434 1191 446 1211 ‚
468 1155 623 1220 qua-m
645 1155 888 1204 velociter
912 1150 980 1200 est'
1000 1151 1171 1200 enisus,
1259 1151 1388 1199 Illud
1407 1151 1495 1198 tib-i
1517 1148 1598 1198 hic
1626 1152 1788 1201 obiter
1804 1155 1856 1201 in
1880 1169 2078 1204 aurern:

324 1219 482 1283 absque
503 1220 687 1265 virtutis
706 1218 830 1269 hujus
855 1232 1026 1266 amore,
1045 1215 1238 1277 specialis
1256 1214 1481 1260 intineris
1500 1212 1719 1273 profhbius-
1730 1216 1894 1277 sperari
1910 1221 2077 1281 nequit.

323 1281 497 1331 Thesis
522 1278 609 1331 ista
630 1278 720 1329 stat
754 1279 838 1329 sub
868 1280 1035 1337 Aiacis
1058 1279 1267 1343 clypeo,
1293 1272 1578 1338 majorique
1604 1277 1796 1327 robore
1820 1278 2080 1337 firmatur,

325 1346 482 1407 quam
505 1358 558 1394 ut
576 1344 696 1393 illud
720 1344 986 1407 infringere
1013 1342 1176 1392 valeat
1193 1341 1403 1390 mollior
1428 1342 1684 1406 Epicurus,
1758 1342 1924 1392 Crede
1945 1356 2083 1393 aeter-

325 1427 400 1462 nae
429 1410 686 1472 Sapientiae
707 1408 757 1455 id
778 1402 1103 1455 contestanti:
1140 1406 1338 1463 quoniam
1360 1406 1404 1449 in
1422 1404 1679 1451 malevolam
1697 1407 1884 1452 animam
1910 1423 1991 1453 non
2011 1409 2079 1454 in-

326 1467 482 1523 troibit
491 1473 673 1531 Spiritus
689 1472 923 1530 Sapientiae,
937 1485 1010 1514 nec
1028 1465 1245 1515 habitabit
1262 1469 1306 1512 in
1319 1477 1490 1527 corpore
1500 1467 1670 1524 subdito
1685 1472 1885 1529 peccatis.
1954 1471 2081 1520 Cre.

330 1539 393 1588 de
415 1536 672 1600 Sapientiae
698 1535 765 1583 D.
794 1533 1052 1596 interpreti
1066 1563 1077 1584 ‚
1106 1526 1423 1594 Augusti-no,
1441 1527 1584 1592 quod
1606 1533 1659 1577 ad
1680 1534 1918 1579 veritatem
1936 1536 2078 1594 perci-

323 1600 528 1664 piendam·
548 1598 656 1644 nihil
675 1597 785 1660 aeque*
805 1598 1036 1657 impediat,
1057 1594 1183 1657 qudm
1203 1597 1307 1640 vita.
1321 1592 1491 1640 libidini
1509 1595 1679 1640 dedita:
1715 1593 1826 1645 imo
1849 1597 2076 1653 ejusdem

329 1662 478 1714 crede
501 1662 838 1726 experientiae,
866 1674 930 1707 ne
960 1659 1163 1707 credere
1195 1658 1388 1721 cogaris
1415 1668 1538 1706 tuae:
1594 1656 1659 1705 fic
1679 1658 1761 1705 ille
1783 1658 1846 1706 de
1871 1658 1918 1707 se
1938 1659 2074 1724 ipso:

78 1743 170 1793 χιχ,
185 1735 298 1798 conf:
330 1724 667 1775 exhalabantur,
692 1727 783 1777 ait,
803 1722 984 1772 nobum,
1009 1738 1062 1769 ex
1091 1720 1235 1778 limofiz
1253 1719 1580 1780 concupistentia
1599 1724 1751 1774 carnis,
1772 1723 1828 1768 (θ’
1853 1721 2075 1770 obnubila-

129 1818 240 1854 ‘122

80 2241 253 2299 Regni
265 2271 285 2283 ,t

327 1791 438 1838 bant
451 1806 522 1835 cor
545 1804 710 1840 meum,
731 1800 858 1849 atque
881 1788 1109 1844 ingenium.
1190 1783 1355 1833 Crede
1386 1784 1590 1831 rationi:
1635 1799 1755 1831 nam
1786 1785 1956 1833 vitales
1985 1786 2076 1850 spi·

324 1857 441 1904 ritus
464 1886 477 1906 ‚
506 1854 593 1915 qui
624 1852 849 1899 nutriunt
875 1849 1056 1911 ingenii
1094 1850 1324 1912 vigorem
1348 1880 1359 1898 ‚
1392 1846 1583 1894 morbo
1618 1849 1812 1895 crotico
1841 1862 2072 1899 eorrum-

323 1929 529 1984 puntur:
583 1914 845 1964 hebetatur
874 1914 1135 1976 ingenium
1154 1944 1168 1966 ‚
1206 1909 1486 1959 debilitatur
1518 1912 1803 1963 memoria,
1822 1909 2074 1974 phantasia

323 1978 669 2031 confunditur,
691 1977 854 2032 j'udicij
874 1977 1018 2038 vigor
1040 1974 1393 2027 absumitun&
1420 1972 1716 2022 debilitatur.
1782 1974 1949 2023 Crede
1960 1977 2071 2026 Me..

324 2043 496 2092 dicinae
513 2041 759 2094 Oraculis,
786 2055 895 2102 quae
919 2039 1133 2091 docent,
1157 2037 1261 2086 hoc
1281 2036 1473 2088 morbo
1494 2038 1718 2100 generari
1748 2037 1996 2101 pallorem
2016 2041 2072 2090 in

322 2106 484 2171 genis,
508 2106 555 2151 in
576 2105 744 2152 fronte
775 2103 1018 2155 maciem,
1043 2102 1092 2149 in
1114 2099 1536 2164 corporetabem‚
1563 2102 1784 2148 maniam
1810 2101 1858 2148 in
1877 2114 2066 2153 mente.

322 2168 488 2220 Crede
508 2167 716 2215 demum
751 2166 1085 2230 experientiae:
1143 2179 1306 2212 nemo
1332 2162 1607 2213 hominum
1641 2166 1969 2228 experientior
1985 2166 2075 2215 Sa-

323 2234 560 2283 lomone,
573 2233 621 2279 ὃ(
640 2242 810 2277 tamen
831 2229 893 2277 fic
909 2227 1119 2276 tandem
1139 2223 1347 2279 insaniit,
1370 2225 1719 2287 utstulteffimum
1732 2227 1777 2276 se
1797 2227 1894 2291 ipse
1913 2243 2069 2291 agno.

323 2296 501 2347 sceret,
528 2295 578 2342 &
601 2291 856 2341 fateretur:
893 2294 964 2341 vis
984 2291 1125 2344 scire,
1148 2305 1248 2352 qua
1274 2290 1381 2339 via?
1417 2305 1602 2354 nempe
1621 2291 1901 2351 depravatum
1922 2288 1977 2342 est
1994 2307 2068 2338 cor

323 2362 437 2409 illim
456 2368 533 2418 per
559 2355 770 2400 mulieres.
870 2355 1052 2404 Alium
1074 2355 1309 2418 legimus,
1330 2367 1486 2415 quern
1518 2354 1582 2402 ad
1616 2355 1790 2402 mania:
1809 2353 2064 2402 licentiam

322 2424 425 2483 jam
445 2424 545 2479 jam
569 2430 896 2481 promoverat
910 2418 1141 2482 Cupido:
1180 2415 1296 2466 huie
1319 2417 1439 2466 eum
1452 2416 1687 2471 Podalirij·
1697 2411 1941 2462 solvissent
1960 2429 2067 2465 cra—

321 2489 482 2538 nium,
506 2481 727 2546 apparuit
756 2479 1054 2534 cerebrum,
1087 2477 1196 2530 imo
1228 2495 1338 2530 non
1366 2481 1588 2544 apparuit
1620 2476 1878 2525 cerebrum
1900 2509 1914 2529 ‚
1945 2480 2065 2538 quja

319 2546 440 2603 aestu
461 2546 674 2601 libidinis
697 2540 897 2611 penitus
917 2544 1295 2611 consumptum.
1392 2545 1484 2596 Vis
1499 2539 1670 2607 plura?
1704 2540 1829 2590 novi
1859 2553 1956 2609 ego
1973 2544 2062 2596 ,ὃς

1802 2613 1997 2655 utmam

2155 2202 2164 2462 ··»--,“--.-“.
