2175 2911
729 126 910 186 Oedzjvus
930 126 1140 188 Phyficm.
1672 140 1758 188 191

81 218 193 274 tius,
215 217 357 282 quod
378 216 462 268 ubi
480 217 531 267 in
549 216 767 283 pluribus
786 216 948 272 liberis
966 217 1012 265 se
1029 219 1075 266 se
1089 219 1309 268 Matrem
1329 216 1610 284 probasset,
1631 220 1682 269 in
1703 219 1822 277 aliis,

80 295 282 332 mutato
301 280 440 335 sexu,
460 282 658 330 Patrem
687 281 734 329 se
754 277 1130 330 demonstravit.

205 343 403 393 LEUC:
487 342 665 392 Prodit
695 344 796 401 jam
832 343 963 392 aliud
993 340 1282 397 monstrum
1309 359 1368 395 ex
1404 344 1583 411 Augiae
1624 341 1820 395 stabulo

0 428 3 461 ῑ
79 404 430 473 portentosum
444 438 457 459 2
477 404 540 454 de
557 421 666 469 quo
689 406 874 471 Sphinx
897 404 1270 472 Philosophica:

0 472 3 483 “
330 468 557 530 Dissimilis
574 473 732 522 Patri,
755 472 811 518 ἐφ’
828 471 1000 521 Matri,
1022 470 1187 528 diverfiz
1205 471 1365 532 figura,

333 530 493 591 Confufi
506 536 697 592 generis,
715 535 866 592 generi
881 548 961 579 non
984 542 1086 593 apta
1093 543 1298 595 propago,

1 615 3 622 ·
332 597 405 643 Ex
427 595 525 655 alijs
545 594 709 650 naseor,
735 612 809 642 nec
817 607 900 657 per
922 612 991 642 me
1005 595 1188 657 nascitur
1207 601 1327 646 ullus.

78 657 141 708 Et
163 656 285 721 quid
306 658 369 708 ad
386 654 472 706 ista
498 659 754 723 Oedipus?
820 661 976 706 MEL:
1043 659 1114 707 Ex
1133 658 1309 710 Africa
1335 660 1439 712 haec
1460 658 1684 712 monstra
1706 675 1821 727 pro·

3 771 5 774 ,
79 720 203 775 fers,
224 722 253 770 ὲ
276 737 399 784 qua,
418 717 539 769 teste
560 720 872 785 Philosopho
887 755 899 776 ‚
913 722 1079 782 semper
1101 722 1262 784 aliquid
1290 729 1407 773 novi.
1478 727 1614 775 Nam
1642 741 1751 773 non
1768 738 1820 771 m

3 807 6 813 ·
78 782 373 834 hominibus
404 781 598 836 modo,
618 783 699 832 sed
725 786 874 832 etiam
899 787 1084 838 Brutis,
1107 786 1310 834 Naturae
1341 803 1556 842 errores,
1586 786 1821 852 prodigiis

76 846 320 911 suppares,
341 846 369 894 a
389 846 535 893 nobis
559 846 740 910 suspici,
759 843 889 894 testis
914 844 984 894 est
1001 848 1234 909 frequens
1254 852 1566 913 experientia.
1635 851 1823 899 Primas

4 909 7 915 '
76 907 162 957 hic
176 909 410 958 obtinent
428 905 653 956 monstra
674 910 825 956 tertiae
844 908 1042 974 speciei,
1063 925 1172 973 quae
1191 912 1244 959 in
1275 913 1454 965 Mubs,
1476 915 1525 961 ὃς
1550 911 1826 975 Leopardis

4 976 7 1004 ἱ
79 970 308 1034 quotidie
336 970 494 1020 oculis
518 971 832 1035 usurpamus:
869 971 934 1020 fic
961 988 1105 1021 canes
1137 974 1337 1023 Indicos
1365 974 1660 1025 Alexandro
1690 972 1828 1020 obla-

80 1046 162 1083 tos
181 1035 416 1098 legimus,
439 1036 525 1095 qui
545 1034 606 1081 de
630 1049 754 1081 cane
769 1067 782 1087 ‚
809 1038 857 1084 &
878 1036 1116 1098 Tygtide,
1135 1048 1220 1083 aut
1241 1038 1302 1084 de
1321 1053 1444 1085 cane
1459 1070 1472 1088 ,
1495 1040 1543 1086 <Sc
1566 1037 1689 1100 lupo
1712 1049 1829 1099 pro--

5 1100 9 1151 ζ
79 1095 214 1146 diere
236 1096 475 1161 Lyciscae:
511 1095 760 1145 Hesiodus
784 1096 1009 1145 describit
1028 1096 1330 1153 monstrum,
1347 1099 1490 1162 quod
1511 1100 1610 1144 ante
1632 1101 1735 1147 Leo,
1758 1113 1827 1143 re-

7 1196 10 1221 3
78 1158 230 1224 trbque
249 1163 419 1210 Draco,
448 1158 712 1222 mediamque
725 1161 912 1220 Capella:
948 1160 1058 1210 im&
1082 1176 1176 1210 nec
1189 1162 1438 1212 Heiicone
1457 1159 1676 1212 omnin&
1702 1159 1824 1209 ebri-

7 1248 9 1250 ·
78 1239 133 1274 us
147 1256 162 1278 ,
185 1222 494 1287 despumavit
513 1222 650 1271 Naso
674 1222 776 1271 hoc
795 1223 1117 1286 paradoxon.-

7 1286 9 1312 ῑ
303 1280 442 1348 ,Qaeq'3
468 1286 662 1345 Chimera
673 1286 824 1344 jugum
841 1320 854 1335 ,
879 1287 1029 1345 medijs
1046 1290 1090 1332 in
1108 1288 1312 1348 partibus
1328 1291 1509 1342 hircum,

301 1349 477 1399 Festus,
499 1349 557 1394 ὅθ’
575 1363 650 1392 ora
668 1349 764 1400 lece,
791 1350 967 1393 caudam
979 1349 1186 1408 serpentis
1214 1351 1414 1399 hahebat.

10 1466 11 1472 ,
77 1414 218 1467 Nam
239 1411 461 1460 referunt
479 1409 609 1468 juxta
633 1409 808 1459 Phasin
825 1443 837 1463 ‚
860 1409 1071 1459 fluvium
1094 1414 1433 1468 Colchorum,
1454 1412 1580 1462 nasci
1598 1412 1829 1477 Tragela-
1858 1422 1977 1468 Rav,

10 1501 11 1507 =
77 1476 233 1543 phos,
258 1474 415 1540 specie
434 1487 612 1522 cervos
629 1506 641 1526 ‚
665 1471 816 1522 barba
835 1486 1023 1527 tamen,
1049 1472 1274 1538 villisque
1293 1492 1558 1524 armorum
1578 1475 1760 1529 hircos,
1775 1487 1831 1523 ut
1860 1483 2038 1531 Textor,

10 1570 13 1595 2
76 1537 208 1589 adeo
229 1553 409 1587 verum
428 1536 486 1585 fit
500 1569 513 1590 ‚
534 1552 643 1584 non
661 1552 842 1586 omnes
866 1537 1191 1587 hircocervos
1221 1539 1535 1605 Philosophis
1557 1537 1830 1603 impossibi-

11 1617 13 1621 ·
79 1604 164 1652 leS.
233 1603 313 1651 Sic
336 1602 388 1648 in
407 1601 622 1665 Necippi
649 1600 833 1665 pascuis
848 1602 1079 1650 Leonem
1107 1603 1170 1650 ab
1185 1604 1301 1652 Ove
1320 1603 1664 1667 progenitum,
1683 1601 1828 1652 AElia-
1859 1620 1904 1664 in
1917 1631 2017 1662 var.

0 1668 13 1696 ‘³
76 1675 175 1716 ‘nus
197 1663 267 1714 est
288 1662 513 1715 Author.
580 1663 709 1712 Illud
735 1679 944 1727 quoque
973 1665 1160 1713 animal
1185 1669 1454 1715 attonitam
1485 1665 1658 1714 habuit
1687 1664 1826 1713 Afri-
1856 1681 1951 1734 hist,

0 1739 17 1775 n
82 1745 222 1784 cam,
243 1732 293 1778 in
313 1727 449 1784 cujus
478 1726 631 1775 dorso
661 1726 770 1776 duae
794 1728 933 1776 Iineae
964 1730 1327 1791 procurrebant
1358 1729 1536 1777 colore
1556 1727 1720 1781 flavo,
1742 1718 1825 1777 de·
1853 1742 2037 1791 scama,

0 1810 16 1842 ι,
83 1792 293 1842 sinentes
311 1793 363 1840 in
385 1805 559 1840 aurem
574 1823 586 1843 ‚
611 1792 661 1840 δε
682 1792 891 1840 oculum
909 1825 920 1846 ‚
940 1787 1056 1840 licet
1074 1792 1287 1840 modico
1308 1793 1571 1841 intervallo
1605 1802 1825 1863 quatuor
1854 1808 1905 1853 de
1927 1816 2044 1853 mon.

83 1855 279 1920 insuper
304 1868 469 1907 aures‚
522 1855 571 1903 &
594 1854 728 1903 oculi
747 1867 1039 1919 apparerent
1075 1872 1085 1903 :
1153 1856 1302 1921 pedes
1322 1856 1390 1904 illi
1412 1856 1961 1925 niultiplice8‚qu1strf4-‚

84 1918 148 1968 fic
168 1932 434 1967 recurvum
455 1916 721 1981 cingebant
740 1933 923 1984 corpus
937 1952 952 1973 ,
976 1930 1029 1967 ut
1055 1921 1106 1967 in
1128 1933 1487 1982 quamcunque
1507 1932 1701 1984 partem
1726 1917 1828 1968 vel-

83 1983 175 2036 let,
196 1982 243 2030 se
262 1976 542 2030 commode
564 1981 810 2031 volveret.
911 1983 1038 2032 Non
1059 1983 1284 2032 diffimsse
1302 1982 1418 2031 huic
1436 1982 1647 2032 alterum
1672 1980 1831 2031 visum
1859 1998 1983 2046 Idem

87 2042 184 2098 est,
221 2043 512 2107 quadriceps
534 2075 547 2096 ‚
577 2045 816 2108 capitibus
850 2044 915 2093 fic
942 2047 993 2092 in
1025 2047 1263 2095 ordinem
1293 2047 1498 2100 locatis,
1522 2059 1578 2095 ut
1613 2057 1833 2107 quatuor

0 2110 19 2163 ζ’·
85 2108 271 2159 Mundi
296 2107 460 2171 plagas
487 2108 794 2171 respicerent.
896 2107 1035 2172 Qid
1053 2110 1152 2165 jam
1171 2110 1334 2158 dicam
1359 2109 1419 2157 de
1442 2105 1702 2163 monstris,
1723 2123 1835 2171 quae

17 2180 20 2219 ἱ
85 2184 192 2220 tam
213 2171 364 2224 mira,
389 2173 436 2219 ὅ(
459 2171 591 2219 varia
613 2171 695 2219 alit
720 2173 981 2224 Oceanus,
1005 2184 1059 2219 ut
1093 2169 1443 2225 monstrorum
1471 2173 1834 2222 Proto-Parens

18 2242 19 2245 ’
84 2232 270 2285 merito
290 2233 577 2299 appelletur.
645 2235 863 2284 Nullum
883 2236 1264 2298 propemodum
1294 2236 1478 2285 animal
1504 2236 1729 2286 nutriunt
1747 2234 1834 2297 syl-

18 2315 20 2318 *
87 2313 160 2349 vae
175 2331 188 2352 ‚
209 2297 405 2345 nullum
425 2295 604 2344 educat
622 2299 732 2351 aer,
752 2300 895 2360 quod
917 2313 1026 2346 non
1055 2300 1343 2349 abortivum
1362 2301 1414 2347 in
1437 2299 1619 2363 piscem
1641 2299 1830 2346 formet

19 2359 23 2365 Α
84 2356 370 2411 monstrosa
386 2357 592 2423 Thetys.
659 2360 966 2425 Stupesceres
986 2364 1035 2410 in
1056 2362 1151 2411 hac
1172 2362 1462 2428 prodigiosa
1485 2363 1710 2427 Neptuni
1727 2361 1828 2408 Re·

87 2422 168 2491 gia
190 2422 567 2487 amphibiorum
587 2423 872 2473 innumeras
893 2425 1072 2489 species
1089 2459 1102 2480 ‚
1122 2440 1230 2488 quae
1248 2423 1376 2475 terra
1390 2458 1402 2479 ‚
1425 2422 1650 2489 marique
1672 2424 1828 2472 vitam

21 2491 24 2500 '
87 2491 268 2539 vivunt
293 2484 556 2535 humidam
577 2484 721 2535 simul
735 2518 750 2540 ‚
773 2491 821 2537 ὅ(
839 2487 1037 2536 ficcam.
1136 2490 1292 2539 Nunc
1310 2492 1501 2540 audires
1522 2501 1705 2538 canum
1725 2501 1829 2534 ma-

0 2542 25 2618 Ι
87 2555 323 2605 tinorum
346 2549 575 2609 latraturi,
606 2549 891 2604 Porcorum
912 2553 1199 2617 grunnitus,
1220 2555 1371 2607 Bocae
1401 2556 1827 2663 mugitusscrliunc

4 2634 5 2637 ¹
1626 2628 1676 2663 vi
1714 2627 1762 2664 e-
