2175 2911
99 2039 235 2090 Color.

390 116 453 173 96
931 109 1064 171 Scylla
1083 119 1225 181 ‚atque
1260 101 1501 167 charybdim

332 206 559 268 fringitur
578 203 714 253 aere:
751 201 936 264 abfhluta
955 237 968 258 ‚
1008 220 1117 268 quae
1140 217 1311 254 tamen
1336 204 1526 270 respicit
1544 201 2082 269 ltomogeneasparteS‚
2149 218 2151 222 ⁴

330 268 478 318 litum
501 265 711 323 reetum,
733 264 1010 334 porosque,
1033 280 1087 317 ut
1105 279 1352 334 permeet:
1383 266 1640 330 perftfliva‚
1665 281 1773 330 quae
1793 279 1966 317 tamen
1987 270 2084 332 spe-
2150 271 2153 281 ⁴

338 333 512 381 culum
543 327 844 386 causticum,
880 344 991 382 utut
1021 332 1354 396 diaphanum,
1387 330 1588 379 transire
1622 332 1814 394 nequit,
1840 333 1964 393 quin
1989 332 2084 383 sese

331 395 552 459 colligat,
574 397 623 444 ὅ(
643 395 936 444 reflectatur.
1032 397 1128 443 En!
1167 395 1459 457 qualitatem
1479 393 1779 447 mirabilem,
1803 397 1918 456 quia
1931 395 2086 456 specia-
2150 425 2153 432 ·

329 460 414 506 lem
437 491 450 510 ,
486 473 606 506 nam
626 460 692 507 ita
714 471 852 507 tenet
889 461 1215 523 proprietates
1256 453 1528 506 substantiae
1551 489 1564 510 ‚
1610 469 1672 504 ut.
1695 456 1843 505 simul
1878 461 2086 508 retineat
2150 492 2154 524 3

331 522 576 585 qualitatis
601 537 795 572 nomen
819 539 828 569 ε
866 522 930 571 sic
948 521 1162 583 sequitur
1187 522 1413 584 corporis
1437 553 1450 574 ,
1486 521 1566 567 cui
1583 518 1788 568 inhaeret
1815 533 2050 570 naturam
2069 555 2084 576 ‚
2151 540 2153 542 ·

331 598 386 633 ut
406 584 545 633 illam
564 597 735 634 tamen
753 601 864 634 non
886 584 1178 647 assequatur.
1261 584 1357 633 Sed
1381 598 1477 631 nec
1509 581 1685 630 clarius
1715 584 1883 632 lucem
1905 584 2086 634 illumi·
2120 616 2123 621 s
2151 607 2175 644 i:

330 660 454 698 nant
476 683 488 699 ‚
520 651 606 711 qui
625 681 639 704 ‚
671 649 825 713 plenis
859 649 1201 713 igniculorum
1234 646 1439 703 cffiuvijs
1462 678 1474 700 ,
1492 645 1584 694 sese
1611 645 1785 695 dicunt
1803 645 1835 698 ‚a
1855 647 2085 712 Cynthio
2151 662 2155 708 ξ

330 707 554 760 illustrari
583 729 593 759 :
638 728 761 760 nam
784 745 797 766 ‚
832 728 953 760 cum
976 711 1312 776 Empedocle‚
1347 711 1524 758 lumen
1546 707 1639 757 esse
1651 710 2089 761 contenduntsnb-
2153 722 2156 763 i

331 773 602 828 tiliffimam
636 775 901 829 flammam
933 808 946 829 ,
979 774 1011 825 a
1039 789 1258 839 corpore
1297 773 1469 822 lucido
1506 772 1911 835 quaquaversum
1947 773 2090 824 diffn-
2152 802 2156 815 =

333 838 436 886 sam
459 871 472 892 2
506 841 559 891 ὃς
583 851 909 904 propagatam
934 839 1085 900 usque
1104 837 1167 886 ad
1186 838 1414 887 oculum.
1483 838 1559 885 En
1582 838 1590 884 !
1628 835 1914 901 oppositam
1931 839 2088 902 quali·

334 903 420 954 tati
442 902 795 957 mirabili,non
823 900 1107 950 mirabilem
1137 900 1303 950 miuus
1336 895 1671 951 substantiam.
1740 898 1978 953 Substantia
1996 898 2087 956 est,
2153 906 2157 952 'r

333 979 442 1027 quae
458 998 470 1018 ‚
498 966 744 1027 qualitatis
764 962 936 1019 instar,
972 979 1276 1030 propagatur
1295 963 1360 1013 sic
1383 965 1425 1009 in
1437 961 1609 1016 instanti
1623 995 1635 1016 ,
1652 975 1707 1010 ut
1730 962 1793 1011 ad
1816 964 2091 1018 minimum
2153 967 2157 979 ⁴

333 1030 411 1076 sex
432 1028 684 1086 milliones
705 1028 845 1092 supra
879 1029 1093 1077 ducenta
1130 1029 1432 1091 septuaginta
1460 1025 1583 1073 oc'to
1611 1025 1901 1074 milliarium
1936 1027 2092 1076 millia

333 1092 612 1138 emetiatur.
680 1090 917 1142 Substantia
935 1087 1032 1143 est,
1070 1105 1179 1150 quae
1200 1088 1402 1136 infinitis
1429 1086 1636 1143 effluvijs
1665 1118 1679 1140 ‚
1713 1101 1802 1151 per
1823 1086 2011 1152 septem
2041 1092 2092 1141 <Sc

330 1153 576 1214 sexaginta
604 1153 705 1209 jam
736 1151 939 1201 saecula,
978 1150 1237 1198 Phoebum
1283 1146 1495 1198 minime
1535 1150 1719 1197 minuit
1741 1182 1754 1204 ,
1791 1150 1875 1199 etfi
1911 1151 2084 1202 diebus
2156 1201 2158 1207 ,

327 1213 525 1277 singulis
541 1245 553 1265 ‚
570 1215 901 1275 quantitatem
922 1215 1188 1266 emitteret,
1210 1213 1371 1277 globo
1396 1225 1662 1275 terraqueo
1684 1215 1945 1276 aequalem.
1986 1215 2093 1263 Sub·
2155 1213 2158 1225 ¹

321 1275 485 1329 stantia
509 1271 603 1331 est',
638 1291 749 1338 quae
781 1276 1048 1324 occidente
1061 1276 1264 1330 Phoebo
1291 1309 1304 1330 ‚
1341 1277 1419 1325 vel
1451 1288 1729 1330 momento
1754 1273 2021 1329 destruitur
2039 1277 2094 1328 fi·

329 1354 396 1388 ne
415 1338 557 1387 causa
579 1371 593 1396 ‚
630 1340 710 1388 vel
737 1339 856 1386 latet
882 1341 932 1387 in
956 1339 1210 1403 diaphano
1243 1341 1357 1386 ae're
1377 1372 1390 1392 ,
1422 1341 1545 1401 quin
1576 1339 1818 1388 VIdeatur.
1887 1343 1934 1396 T
1937 1356 2091 1398 ace0‚
2155 1347 2159 1353 '

331 1399 479 1466 quod
498 1404 550 1449 in
573 1400 923 1449 decussationis
954 1403 1172 1449 minimo
1201 1401 1390 1466 punCto
1417 1435 1429 1455 ,
1465 1400 1643 1449 infiniti
1670 1403 1909 1466 igniculi,
1945 1407 2094 1455 omni
2157 1414 2159 1416 ’

332 1481 390 1513 ex
408 1463 754 1529 hemisphaerio
777 1463 1055 1517 confluant,
1071 1466 1192 1527 quin
1213 1464 1609 1519 confundantur,
1630 1464 1724 1514 sese
1745 1467 1946 1521 uniant,
1969 1470 2093 1530 quin
2156 1479 2159 1526 22

331 1530 653 1592 penetrentur
668 1561 680 1581 ,
695 1526 896 1576 ulterius
922 1540 1145 1592 pergant,
1165 1530 1289 1590 quin
1306 1528 1635 1576 retardentur.
1699 1529 1840 1581 Sileo
1861 1531 2092 1583 ‚innume-
2150 1545 2159 1574 '-

332 1606 408 1639 ras
430 1606 680 1654 potorum
710 1591 847 1639 series
871 1593 990 1638 citra
1009 1587 1351 1645 obstaculum,
1371 1589 1652 1642 reetissimas
1675 1592 2096 1656 corpusculorum
2156 1617 2160 1650 ;

335 1654 485 1702 lineas
500 1656 618 1702 citra
642 1654 1083 1719 impedimentum.
1147 1656 1276 1704 Non
1300 1658 1639 1704 coriaemoro,
1662 1654 1911 1705 visionem
1928 1659 1996 1704 nil
2016 1658 2095 1706 fo·
2158 1672 2159 1675 ’

335 1733 404 1769 re,
420 1715 506 1764 nisi
534 1718 877 1766 titillationem
905 1715 1247 1772 merissimam,
1278 1716 1474 1780 aliaque
1502 1719 1767 1766 innumera
1795 1749 1809 1772 ,
1846 1733 1954 1780 quae
1986 1720 2095 1768 Gri-
2156 1729 2161 1774 ζ

336 1779 514 1829 maldo
528 1780 723 1838 Judice,
742 1782 947 1829 ,videntur
966 1792 1056 1827 tam
1081 1782 1187 1826 dura
1200 1816 1212 1830 ,
1233 1793 1283 1826 ut
1305 1797 1385 1826 non
1406 1779 1480 1838 mfi
1500 1779 1526 1826 ά
1553 1778 1819 1840 robustiffimo
1837 1782 2095 1830 struthionis
2156 1825 2161 1842 ¹

327 1843 542 1897 stomacho
570 1843 719 1903 poffint
757 1846 969 1906 concoqui.
1070 1843 1129 1892 Id
1153 1858 1250 1907 ego
1273 1843 1429 1892 sentio
1456 1845 1509 1891 in
1530 1842 1623 1891 hac
1643 1843 1743 1897 lite,
1769 1844 1840 1891 nil
1857 1845 1908 1891 in
1928 1844 2094 1895 Philo·
2158 1855 2161 1860 ’

338 1905 509 1970 sophia
532 1906 786 1961 obscurius
806 1907 944 1962 luce,
965 1922 1073 1969 quae
1098 1906 1203 1970 quo
1223 1904 1381 1972 magis
1402 1906 1702 1962 elucidatur,
1727 1904 1791 1957 eo
1817 1907 2094 1971 majoribus
2158 1905 2160 1908 ’

339 1969 616 2019 involvitur
639 1970 872 2021 tenebris,
1114 1975 1117 1977 ’
1313 1976 1320 1980 ’

469 2033 666 2082 LEUC:
734 2032 957 2088 ,Forsitan
978 2034 1044 2083 de
1063 2035 1241 2083 colore
1259 2036 1436 2083 certius
1453 2033 1582 2082 feret
1603 2034 1631 2091 J
1637 2033 1859 2083 udieium
1870 2034 2093 2086 Philoso-
2160 2039 2164 2044 '

341 2093 483 2159 phia?
545 2097 699 2142 MEL:
768 2098 986 2146 Falleris:
1024 2097 1303 2150 fatendum,
1336 2098 1479 2161 quod
1507 2113 1582 2146 res
1615 2094 1707 2145 est:
1747 2112 1866 2147 cum
1894 2100 2093 2156 multis,

343 2159 429 2221 qui
452 2170 622 2205 tamen
645 2159 876 2207 oculatos
901 2161 944 2209 se
964 2161 1198 2215 credunt,
1219 2161 1494 2217 judicamus
1517 2159 1572 2209 ut
1595 2162 1735 2212 eaeei3
1771 2176 1892 2209 nam
1913 2161 2094 2218 judiea-

345 2235 485 2273 mus,
512 2234 620 2268 non
647 2220 790 2282 quod
813 2223 1069 2275 videmus,
1099 2224 1180 2272 sed
1206 2224 1371 2288 potius
1403 2224 1546 2287 quod
1574 2239 1684 2272 non
1714 2223 1970 2272 videmus:
2007 2241 2093 2275 co·
2126 2240 2127 2245 ¹

347 2284 477 2332 lores
510 2297 859 2347 permanentes
888 2288 1139 2343 videmus,
1165 2290 1214 2337 ὃς
1245 2303 1362 2336 eum
1394 2289 1506 2337 luce
1537 2287 1746 2336 dicimus
1771 2287 2090 2338 transeuntes,

346 2347 547 2410 Percipe
557 2346 804 2410 paradoxa
820 2348 1198 2414 '‘titileia-„quibus
1217 2350 1390 2400 forum
1405 2348 1811 2413 Philolophieum
1821 2347 2091 2416 perstrepit.
2130 2340 2134 2370 ³

350 2409 603 2462 Clamant,
620 2423 750 2471 quos
764 2411 1068 2475 Peripatetici
1090 2414 1276 2479 spiritus
1305 2417 1545 2467 animant,
1571 2412 1738 2463 Color
1769 2413 1969 2471 Qalitaa
1994 2411 2089 2464 est:

350 2473 419 2521 ita
437 2470 766 2543 Philosophus
795 2474 1025 2524 Veritatis
1048 2479 1308 2541 interpres:
1345 2477 1410 2526 sie
1432 2478 1582 2526 unico
1612 2475 1796 2530 vcrb0‚
1817 2476 1959 2526 litem
1983 2478 2094 2527 lon-

351 2550 470 2598 gam
492 2534 727 2586 decidunt
749 2537 1004 2590 Laconici.
1089 2542 1188 2592 Sed
1207 2541 1482 2597 reclamant
1509 2539 1602 2595 illi,
1622 2540 1708 2603 qui
1729 2539 1780 2592 V
1783 2540 1972 2652 eritffiii,l
1984 2557 2094 2593 non

1977 2618 2032 2653 Ο.
