<?xml version="1.0" encoding="UTF-8"?>
<!DOCTYPE html PUBLIC "-//W3C//DTD XHTML 1.0 Transitional//EN"
    "http://www.w3.org/TR/xhtml1/DTD/xhtml1-transitional.dtd">
<html xmlns="http://www.w3.org/1999/xhtml" xml:lang="en" lang="en">
 <head>
  <title>
</title>
<meta http-equiv="Content-Type" content="text/html;charset=utf-8" />
  <meta name='ocr-system' content='tesseract 3.04.00' />
  <meta name='ocr-capabilities' content='ocr_page ocr_carea ocr_par ocr_line ocrx_word'/>
</head>
<body>
  <div class='ocr_page' id='page_1' title='image "./nostritemporisph00schw/nostritemporisph00schw_0229.png"; bbox 0 0 2175 2911; ppageno 0'>
   <div class='ocr_carea' id='block_1_1' title="bbox 772 143 1750 204">
    <p class='ocr_par' dir='ltr' id='par_1_1' title="bbox 772 143 1750 204">
     <span class='ocr_line' id='line_1_1' title="bbox 772 143 1750 204; baseline -0.007 -7"><span class='ocrx_word' id='word_1_1' title='bbox 772 147 917 197; x_wconf 75' lang='lat' dir='ltr'>Momc&#39;</span> <span class='ocrx_word' id='word_1_2' title='bbox 947 143 1140 203; x_wconf 71' lang='lat' dir='ltr'>fenestra</span> <span class='ocrx_word' id='word_1_3' title='bbox 1661 158 1682 191; x_wconf 83' lang='lat'>1</span> <span class='ocrx_word' id='word_1_4' title='bbox 1692 155 1718 204; x_wconf 84' lang='lat'><em>9</em></span> <span class='ocrx_word' id='word_1_5' title='bbox 1727 151 1750 204; x_wconf 72' lang='grc' dir='ltr'><strong>ς</strong></span> 
     </span>
    </p>
   </div>
   <div class='ocr_carea' id='block_1_2' title="bbox 88 232 1856 2554">
    <p class='ocr_par' dir='ltr' id='par_1_2' title="bbox 88 232 1835 1991">
     <span class='ocr_line' id='line_1_2' title="bbox 94 232 1824 302; baseline -0.005 -9"><span class='ocrx_word' id='word_1_6' title='bbox 94 241 229 293; x_wconf 82' lang='lat' dir='ltr'>lum:</span> <span class='ocrx_word' id='word_1_7' title='bbox 264 240 408 294; x_wconf 84' lang='lat' dir='ltr'>vultu</span> <span class='ocrx_word' id='word_1_8' title='bbox 432 239 654 295; x_wconf 80' lang='lat' dir='ltr'>tetricus,</span> <span class='ocrx_word' id='word_1_9' title='bbox 678 239 854 289; x_wconf 89' lang='lat' dir='ltr'>colore</span> <span class='ocrx_word' id='word_1_10' title='bbox 884 238 1095 293; x_wconf 85' lang='lat' dir='ltr'>luridus,</span> <span class='ocrx_word' id='word_1_11' title='bbox 1124 235 1305 302; x_wconf 78' lang='lat' dir='ltr'>capillo</span> <span class='ocrx_word' id='word_1_12' title='bbox 1336 234 1494 287; x_wconf 86' lang='lat' dir='ltr'>fuscus</span> <span class='ocrx_word' id='word_1_13' title='bbox 1527 233 1596 286; x_wconf 87' lang='lat' dir='ltr'>est</span> <span class='ocrx_word' id='word_1_14' title='bbox 1622 232 1708 286; x_wconf 86' lang='lat' dir='ltr'>iste</span> <span class='ocrx_word' id='word_1_15' title='bbox 1729 236 1824 286; x_wconf 70' lang='lat' dir='ltr'>‘sur-</span> 
     </span>
     <span class='ocr_line' id='line_1_3' title="bbox 93 300 1823 366; baseline -0.004 -11"><span class='ocrx_word' id='word_1_16' title='bbox 93 306 259 362; x_wconf 80' lang='lat' dir='ltr'>c-uluS,</span> <span class='ocrx_word' id='word_1_17' title='bbox 279 317 335 354; x_wconf 93' lang='lat' dir='ltr'>ut</span> <span class='ocrx_word' id='word_1_18' title='bbox 355 305 483 354; x_wconf 86' lang='lat' dir='ltr'>bene</span> <span class='ocrx_word' id='word_1_19' title='bbox 506 305 707 366; x_wconf 82' lang='lat' dir='ltr'>colligas</span> <span class='ocrx_word' id='word_1_20' title='bbox 730 303 951 352; x_wconf 80' lang='lat' dir='ltr'>cerdone</span> <span class='ocrx_word' id='word_1_21' title='bbox 976 303 1160 355; x_wconf 87' lang='lat' dir='ltr'>satum,</span> <span class='ocrx_word' id='word_1_22' title='bbox 1181 305 1231 350; x_wconf 71' lang='grc' dir='ltr'>ὅ(</span> <span class='ocrx_word' id='word_1_23' title='bbox 1255 300 1523 349; x_wconf 88' lang='lat' dir='ltr'>educatum</span> <span class='ocrx_word' id='word_1_24' title='bbox 1542 302 1668 349; x_wconf 88' lang='lat' dir='ltr'>inter</span> <span class='ocrx_word' id='word_1_25' title='bbox 1689 300 1823 349; x_wconf 87' lang='lat' dir='ltr'>calo-</span> 
     </span>
     <span class='ocr_line' id='line_1_4' title="bbox 92 362 1824 429; baseline -0.004 -12"><span class='ocrx_word' id='word_1_26' title='bbox 92 383 197 418; x_wconf 84' lang='lat' dir='ltr'>nes.</span> <span class='ocrx_word' id='word_1_27' title='bbox 296 369 477 417; x_wconf 85' lang='lat' dir='ltr'>Sermo</span> <span class='ocrx_word' id='word_1_28' title='bbox 497 367 728 429; x_wconf 79' lang='lat' dir='ltr'>gravis,&amp;</span> <span class='ocrx_word' id='word_1_29' title='bbox 752 367 936 417; x_wconf 85' lang='lat' dir='ltr'>lentus,</span> <span class='ocrx_word' id='word_1_30' title='bbox 964 363 1277 414; x_wconf 78' lang='lat' dir='ltr'>conversatio</span> <span class='ocrx_word' id='word_1_31' title='bbox 1305 374 1409 410; x_wconf 84' lang='lat' dir='ltr'>tam</span> <span class='ocrx_word' id='word_1_32' title='bbox 1433 363 1661 417; x_wconf 86' lang='lat' dir='ltr'>morosa,</span> <span class='ocrx_word' id='word_1_33' title='bbox 1690 375 1745 411; x_wconf 90' lang='lat' dir='ltr'>ut</span> <span class='ocrx_word' id='word_1_34' title='bbox 1768 362 1824 411; x_wconf 81' lang='lat' dir='ltr'>si·-</span> 
     </span>
     <span class='ocr_line' id='line_1_5' title="bbox 93 426 1821 493; baseline -0.003 -14"><span class='ocrx_word' id='word_1_35' title='bbox 93 447 160 479; x_wconf 84' lang='lat' dir='ltr'>ne</span> <span class='ocrx_word' id='word_1_36' title='bbox 181 430 291 480; x_wconf 65' lang='lat' dir='ltr'>actu</span> <span class='ocrx_word' id='word_1_37' title='bbox 313 431 524 478; x_wconf 87' lang='lat' dir='ltr'>heroico</span> <span class='ocrx_word' id='word_1_38' title='bbox 547 433 625 478; x_wconf 79' lang='lat' dir='ltr'>vix</span> <span class='ocrx_word' id='word_1_39' title='bbox 649 429 778 477; x_wconf 90' lang='lat' dir='ltr'>bene</span> <span class='ocrx_word' id='word_1_40' title='bbox 801 427 1070 493; x_wconf 88' lang='lat' dir='ltr'>periodum</span> <span class='ocrx_word' id='word_1_41' title='bbox 1091 426 1329 475; x_wconf 79' lang='lat' dir='ltr'>absolvas.</span> <span class='ocrx_word' id='word_1_42' title='bbox 1429 426 1571 473; x_wconf 89' lang='lat' dir='ltr'>Vires</span> <span class='ocrx_word' id='word_1_43' title='bbox 1594 441 1683 474; x_wconf 83' lang='lat' dir='ltr'>cor</span> <span class='ocrx_word' id='word_1_44' title='bbox 1722 427 1821 474; x_wconf 88' lang='lat' dir='ltr'>oris</span> 
     </span>
     <span class='ocr_line' id='line_1_6' title="bbox 94 484 1827 556; baseline -0.003 -14"><span class='ocrx_word' id='word_1_45' title='bbox 94 494 362 556; x_wconf 80' lang='lat' dir='ltr'>languidae,</span> <span class='ocrx_word' id='word_1_46' title='bbox 386 492 539 556; x_wconf 80' lang='lat' dir='ltr'>segnis</span> <span class='ocrx_word' id='word_1_47' title='bbox 566 494 788 544; x_wconf 82' lang='lat' dir='ltr'>animus,</span> <span class='ocrx_word' id='word_1_48' title='bbox 817 491 1011 540; x_wconf 83' lang='lat' dir='ltr'>indoles</span> <span class='ocrx_word' id='word_1_49' title='bbox 1040 489 1270 538; x_wconf 84' lang='lat' dir='ltr'>obscura:</span> <span class='ocrx_word' id='word_1_50' title='bbox 1308 501 1429 534; x_wconf 84' lang='lat' dir='ltr'>nam</span> <span class='ocrx_word' id='word_1_51' title='bbox 1456 489 1654 539; x_wconf 85' lang='lat' dir='ltr'>nullum</span> <span class='ocrx_word' id='word_1_52' title='bbox 1699 484 1827 537; x_wconf 68' lang='lat' dir='ltr'>&#39;acile</span> 
     </span>
     <span class='ocr_line' id='line_1_7' title="bbox 93 549 1827 619; baseline -0.003 -15"><span class='ocrx_word' id='word_1_53' title='bbox 93 557 252 609; x_wconf 79' lang='lat' dir='ltr'>laedit,</span> <span class='ocrx_word' id='word_1_54' title='bbox 272 555 351 603; x_wconf 91' lang='lat' dir='ltr'>sed</span> <span class='ocrx_word' id='word_1_55' title='bbox 376 556 512 604; x_wconf 84' lang='lat' dir='ltr'>Pacis</span> <span class='ocrx_word' id='word_1_56' title='bbox 535 570 714 603; x_wconf 87' lang='lat' dir='ltr'>amore</span> <span class='ocrx_word' id='word_1_57' title='bbox 729 588 742 607; x_wconf 87' lang='lat'>,</span> <span class='ocrx_word' id='word_1_58' title='bbox 764 556 907 619; x_wconf 76' lang='lat' dir='ltr'>pigro</span> <span class='ocrx_word' id='word_1_59' title='bbox 930 556 981 601; x_wconf 85' lang='lat' dir='ltr'>in</span> <span class='ocrx_word' id='word_1_60' title='bbox 1006 554 1142 606; x_wconf 84' lang='lat' dir='ltr'>otio,</span> <span class='ocrx_word' id='word_1_61' title='bbox 1161 549 1411 599; x_wconf 80' lang='lat' dir='ltr'>lubentius</span> <span class='ocrx_word' id='word_1_62' title='bbox 1430 551 1697 599; x_wconf 80' lang='lat' dir='ltr'><strong>marcescit.</strong></span> <span class='ocrx_word' id='word_1_63' title='bbox 1764 553 1827 600; x_wconf 89' lang='lat' dir='ltr'>Et</span> 
     </span>
     <span class='ocr_line' id='line_1_8' title="bbox 91 612 1827 680; baseline -0.002 -15"><span class='ocrx_word' id='word_1_64' title='bbox 91 619 325 680; x_wconf 84' lang='lat' dir='ltr'>nunquid</span> <span class='ocrx_word' id='word_1_65' title='bbox 351 630 406 665; x_wconf 87' lang='lat' dir='ltr'>tu</span> <span class='ocrx_word' id='word_1_66' title='bbox 448 615 623 666; x_wconf 85' lang='lat' dir='ltr'>existo</span> <span class='ocrx_word' id='word_1_67' title='bbox 652 629 834 665; x_wconf 88' lang='lat' dir='ltr'>trunco</span> <span class='ocrx_word' id='word_1_68' title='bbox 869 615 1219 665; x_wconf 78' lang='lat' dir='ltr'>Mercurium?</span> <span class='ocrx_word' id='word_1_69' title='bbox 1264 612 1416 662; x_wconf 85' lang='lat' dir='ltr'>absit:</span> <span class='ocrx_word' id='word_1_70' title='bbox 1463 612 1827 676; x_wconf 83' lang='lat' dir='ltr'>Phlegmatico-</span> 
     </span>
     <span class='ocr_line' id='line_1_9' title="bbox 91 674 1828 743; baseline -0.003 -13"><span class='ocrx_word' id='word_1_71' title='bbox 91 680 531 731; x_wconf 86' lang='lat' dir='ltr'>Melancholicum</span> <span class='ocrx_word' id='word_1_72' title='bbox 562 680 683 729; x_wconf 88' lang='lat' dir='ltr'>scito</span> <span class='ocrx_word' id='word_1_73' title='bbox 704 712 717 732; x_wconf 89' lang='lat'>,</span> <span class='ocrx_word' id='word_1_74' title='bbox 754 681 840 741; x_wconf 89' lang='lat' dir='ltr'>qui</span> <span class='ocrx_word' id='word_1_75' title='bbox 869 680 1006 743; x_wconf 86' lang='lat' dir='ltr'>supra</span> <span class='ocrx_word' id='word_1_76' title='bbox 1040 677 1243 726; x_wconf 86' lang='lat' dir='ltr'>rudium</span> <span class='ocrx_word' id='word_1_77' title='bbox 1284 674 1458 723; x_wconf 84' lang='lat' dir='ltr'>atmos</span> <span class='ocrx_word' id='word_1_78' title='bbox 1481 674 1665 724; x_wconf 84' lang='lat' dir='ltr'>haeram</span> <span class='ocrx_word' id='word_1_79' title='bbox 1703 691 1828 725; x_wconf 76' lang='lat' dir='ltr'>nun-</span> 
     </span>
     <span class='ocr_line' id='line_1_10' title="bbox 91 737 1831 804; baseline -0.002 -14"><span class='ocrx_word' id='word_1_80' title='bbox 91 756 247 803; x_wconf 84' lang='lat' dir='ltr'>quam</span> <span class='ocrx_word' id='word_1_81' title='bbox 267 743 312 789; x_wconf 90' lang='lat' dir='ltr'>se</span> <span class='ocrx_word' id='word_1_82' title='bbox 335 743 562 793; x_wconf 79' lang='lat' dir='ltr'>elevabit.</span> <span class='ocrx_word' id='word_1_83' title='bbox 632 743 811 790; x_wconf 87' lang='lat' dir='ltr'>Alium</span> <span class='ocrx_word' id='word_1_84' title='bbox 836 741 922 788; x_wconf 88' lang='lat' dir='ltr'>tibi</span> <span class='ocrx_word' id='word_1_85' title='bbox 942 740 1072 804; x_wconf 82' lang='lat' dir='ltr'>finge</span> <span class='ocrx_word' id='word_1_86' title='bbox 1096 738 1302 788; x_wconf 84' lang='lat' dir='ltr'>Palladis</span> <span class='ocrx_word' id='word_1_87' title='bbox 1323 738 1432 787; x_wconf 89' lang='lat' dir='ltr'>Can</span> <span class='ocrx_word' id='word_1_88' title='bbox 1471 737 1688 787; x_wconf 86' lang='lat' dir='ltr'>idatum:</span> <span class='ocrx_word' id='word_1_89' title='bbox 1724 739 1831 788; x_wconf 80' lang='lat' dir='ltr'>vul-</span> 
     </span>
     <span class='ocr_line' id='line_1_11' title="bbox 92 802 1832 867; baseline -0.002 -14"><span class='ocrx_word' id='word_1_90' title='bbox 92 817 170 852; x_wconf 82' lang='lat' dir='ltr'>tus</span> <span class='ocrx_word' id='word_1_91' title='bbox 202 805 442 858; x_wconf 81' lang='lat' dir='ltr'>albicans,</span> <span class='ocrx_word' id='word_1_92' title='bbox 480 804 562 852; x_wconf 89' lang='lat' dir='ltr'>sed</span> <span class='ocrx_word' id='word_1_93' title='bbox 590 803 777 865; x_wconf 79' lang='lat' dir='ltr'>absque</span> <span class='ocrx_word' id='word_1_94' title='bbox 805 804 1026 867; x_wconf 86' lang='lat' dir='ltr'>pallore,</span> <span class='ocrx_word' id='word_1_95' title='bbox 1055 804 1220 866; x_wconf 78' lang='lat' dir='ltr'>saepius</span> <span class='ocrx_word' id='word_1_96' title='bbox 1253 815 1401 865; x_wconf 82' lang='lat' dir='ltr'>genas</span> <span class='ocrx_word' id='word_1_97' title='bbox 1431 815 1541 848; x_wconf 87' lang='lat' dir='ltr'>non</span> <span class='ocrx_word' id='word_1_98' title='bbox 1574 802 1832 849; x_wconf 84' lang='lat' dir='ltr'>inamoena</span> 
     </span>
     <span class='ocr_line' id='line_1_12' title="bbox 90 862 1833 928; baseline -0.002 -13"><span class='ocrx_word' id='word_1_99' title='bbox 90 867 272 915; x_wconf 76' lang='lat' dir='ltr'>t-inCtus</span> <span class='ocrx_word' id='word_1_100' title='bbox 294 867 562 915; x_wconf 81' lang='lat' dir='ltr'>rubedine:</span> <span class='ocrx_word' id='word_1_101' title='bbox 599 881 699 914; x_wconf 88' lang='lat' dir='ltr'>vox</span> <span class='ocrx_word' id='word_1_102' title='bbox 717 868 942 928; x_wconf 78' lang='lat' dir='ltr'>gravior,</span> <span class='ocrx_word' id='word_1_103' title='bbox 965 878 1114 926; x_wconf 87' lang='lat' dir='ltr'>atque</span> <span class='ocrx_word' id='word_1_104' title='bbox 1133 865 1410 916; x_wconf 85' lang='lat' dir='ltr'>articulata,</span> <span class='ocrx_word' id='word_1_105' title='bbox 1431 862 1518 910; x_wconf 83' lang='lat' dir='ltr'>nisi</span> <span class='ocrx_word' id='word_1_106' title='bbox 1554 863 1702 911; x_wconf 87' lang='lat' dir='ltr'>verba</span> <span class='ocrx_word' id='word_1_107' title='bbox 1725 863 1833 912; x_wconf 88' lang='lat' dir='ltr'>sub·-</span> 
     </span>
     <span class='ocr_line' id='line_1_13' title="bbox 89 926 1830 990; baseline -0.002 -12"><span class='ocrx_word' id='word_1_108' title='bbox 89 930 208 978; x_wconf 87' lang='lat' dir='ltr'>inde</span> <span class='ocrx_word' id='word_1_109' title='bbox 239 929 435 976; x_wconf 88' lang='lat' dir='ltr'>mutilet</span> <span class='ocrx_word' id='word_1_110' title='bbox 461 928 628 990; x_wconf 83' lang='lat' dir='ltr'>lingua</span> <span class='ocrx_word' id='word_1_111' title='bbox 657 928 950 976; x_wconf 83' lang='lat' dir='ltr'>balbutiens.</span> <span class='ocrx_word' id='word_1_112' title='bbox 1019 927 1335 976; x_wconf 84' lang='lat' dir='ltr'>Subridentia</span> <span class='ocrx_word' id='word_1_113' title='bbox 1370 926 1736 988; x_wconf 76' lang='lat' dir='ltr'>aliquantulum</span> <span class='ocrx_word' id='word_1_114' title='bbox 1763 926 1830 974; x_wconf 90' lang='lat' dir='ltr'>la-</span> 
     </span>
     <span class='ocr_line' id='line_1_14' title="bbox 90 988 1830 1055; baseline -0.003 -16"><span class='ocrx_word' id='word_1_115' title='bbox 90 992 185 1043; x_wconf 83' lang='lat' dir='ltr'>bia,</span> <span class='ocrx_word' id='word_1_116' title='bbox 206 991 407 1055; x_wconf 81' lang='lat' dir='ltr'>capillus</span> <span class='ocrx_word' id='word_1_117' title='bbox 427 990 490 1038; x_wconf 90' lang='lat' dir='ltr'>ad</span> <span class='ocrx_word' id='word_1_118' title='bbox 512 991 685 1039; x_wconf 87' lang='lat' dir='ltr'>album</span> <span class='ocrx_word' id='word_1_119' title='bbox 707 993 880 1054; x_wconf 76' lang='lat' dir='ltr'>vergit,</span> <span class='ocrx_word' id='word_1_120' title='bbox 895 989 1139 1039; x_wconf 86' lang='lat' dir='ltr'>habitudo</span> <span class='ocrx_word' id='word_1_121' title='bbox 1163 991 1389 1054; x_wconf 84' lang='lat' dir='ltr'>corporis</span> <span class='ocrx_word' id='word_1_122' title='bbox 1409 988 1565 1041; x_wconf 88' lang='lat' dir='ltr'>bona,</span> <span class='ocrx_word' id='word_1_123' title='bbox 1588 990 1704 1050; x_wconf 88' lang='lat' dir='ltr'>quia</span> <span class='ocrx_word' id='word_1_124' title='bbox 1723 999 1830 1034; x_wconf 88' lang='lat' dir='ltr'>tam</span> 
     </span>
     <span class='ocr_line' id='line_1_15' title="bbox 90 1046 1833 1116; baseline -0.002 -15"><span class='ocrx_word' id='word_1_125' title='bbox 90 1055 141 1101; x_wconf 82' lang='lat' dir='ltr'>in</span> <span class='ocrx_word' id='word_1_126' title='bbox 161 1049 367 1106; x_wconf 83' lang='lat' dir='ltr'>statura,</span> <span class='ocrx_word' id='word_1_127' title='bbox 391 1051 547 1114; x_wconf 79' lang='lat' dir='ltr'>quam</span> <span class='ocrx_word' id='word_1_128' title='bbox 568 1055 620 1100; x_wconf 93' lang='lat' dir='ltr'>in</span> <span class='ocrx_word' id='word_1_129' title='bbox 642 1054 961 1116; x_wconf 80' lang='lat' dir='ltr'>pinguedine,</span> <span class='ocrx_word' id='word_1_130' title='bbox 985 1054 1047 1101; x_wconf 90' lang='lat' dir='ltr'>ad</span> <span class='ocrx_word' id='word_1_131' title='bbox 1067 1053 1424 1101; x_wconf 81' lang='lat' dir='ltr'>mediocritatis</span> <span class='ocrx_word' id='word_1_132' title='bbox 1446 1053 1644 1099; x_wconf 89' lang='lat' dir='ltr'>lancem</span> <span class='ocrx_word' id='word_1_133' title='bbox 1664 1046 1833 1098; x_wconf 68' lang='lat' dir='ltr'>exaste</span> 
     </span>
     <span class='ocr_line' id='line_1_16' title="bbox 88 1114 1830 1178; baseline -0.002 -13"><span class='ocrx_word' id='word_1_134' title='bbox 88 1116 280 1165; x_wconf 86' lang='lat' dir='ltr'>librata.</span> <span class='ocrx_word' id='word_1_135' title='bbox 381 1117 556 1163; x_wconf 88' lang='lat' dir='ltr'>Mores</span> <span class='ocrx_word' id='word_1_136' title='bbox 573 1114 609 1163; x_wconf 81' lang='lat' dir='ltr'>fi</span> <span class='ocrx_word' id='word_1_137' title='bbox 629 1115 959 1178; x_wconf 80' lang='lat' dir='ltr'>introspicias,</span> <span class='ocrx_word' id='word_1_138' title='bbox 989 1115 1328 1178; x_wconf 83' lang='lat' dir='ltr'>deprehendes</span> <span class='ocrx_word' id='word_1_139' title='bbox 1349 1126 1612 1178; x_wconf 90' lang='lat' dir='ltr'>comptos,</span> <span class='ocrx_word' id='word_1_140' title='bbox 1634 1128 1728 1161; x_wconf 88' lang='lat' dir='ltr'>nec</span> <span class='ocrx_word' id='word_1_141' title='bbox 1761 1125 1830 1161; x_wconf 87' lang='lat' dir='ltr'>ta-</span> 
     </span>
     <span class='ocr_line' id='line_1_17' title="bbox 90 1175 1825 1240; baseline -0.002 -14"><span class='ocrx_word' id='word_1_142' title='bbox 90 1192 214 1226; x_wconf 86' lang='lat' dir='ltr'>men</span> <span class='ocrx_word' id='word_1_143' title='bbox 233 1177 305 1226; x_wconf 70' lang='lat' dir='ltr'>ab*</span> <span class='ocrx_word' id='word_1_144' title='bbox 320 1179 465 1224; x_wconf 85' lang='lat' dir='ltr'>omni</span> <span class='ocrx_word' id='word_1_145' title='bbox 485 1176 810 1225; x_wconf 56' lang='lat' dir='ltr'>affectationis</span> <span class='ocrx_word' id='word_1_146' title='bbox 829 1192 976 1225; x_wconf 65' lang='lat' dir='ltr'>naevo</span> <span class='ocrx_word' id='word_1_147' title='bbox 1004 1177 1194 1240; x_wconf 83' lang='lat' dir='ltr'>semper</span> <span class='ocrx_word' id='word_1_148' title='bbox 1222 1179 1490 1229; x_wconf 81' lang='lat' dir='ltr'>immunes.</span> <span class='ocrx_word' id='word_1_149' title='bbox 1591 1175 1825 1227; x_wconf 75' lang='lat' dir='ltr'>Videbis,</span> 
     </span>
     <span class='ocr_line' id='line_1_18' title="bbox 93 1235 1830 1303; baseline -0.003 -14"><span class='ocrx_word' id='word_1_150' title='bbox 93 1239 238 1303; x_wconf 81' lang='lat' dir='ltr'>quod</span> <span class='ocrx_word' id='word_1_151' title='bbox 258 1239 561 1288; x_wconf 86' lang='lat' dir='ltr'>munditiem</span> <span class='ocrx_word' id='word_1_152' title='bbox 588 1253 773 1302; x_wconf 87' lang='lat' dir='ltr'>quaerat</span> <span class='ocrx_word' id='word_1_153' title='bbox 798 1241 849 1287; x_wconf 88' lang='lat' dir='ltr'>in</span> <span class='ocrx_word' id='word_1_154' title='bbox 869 1239 999 1287; x_wconf 61' lang='lat' dir='ltr'>victu</span> <span class='ocrx_word' id='word_1_155' title='bbox 1017 1271 1029 1291; x_wconf 88' lang='lat'>,</span> <span class='ocrx_word' id='word_1_156' title='bbox 1065 1235 1269 1290; x_wconf 86' lang='lat' dir='ltr'>vestitu,</span> <span class='ocrx_word' id='word_1_157' title='bbox 1304 1241 1352 1289; x_wconf 61' lang='lat' dir='ltr'>&lt;Sd</span> <span class='ocrx_word' id='word_1_158' title='bbox 1376 1238 1539 1285; x_wconf 90' lang='lat' dir='ltr'>vultu:</span> <span class='ocrx_word' id='word_1_159' title='bbox 1577 1235 1720 1299; x_wconf 78' lang='lat' dir='ltr'>quod</span> <span class='ocrx_word' id='word_1_160' title='bbox 1743 1252 1830 1284; x_wconf 91' lang='lat' dir='ltr'>co-</span> 
     </span>
     <span class='ocr_line' id='line_1_19' title="bbox 92 1298 1829 1362; baseline -0.003 -10"><span class='ocrx_word' id='word_1_161' title='bbox 92 1304 160 1352; x_wconf 86' lang='lat' dir='ltr'>lat</span> <span class='ocrx_word' id='word_1_162' title='bbox 180 1302 456 1355; x_wconf 74' lang='lat' dir='ltr'>Mtilas,1&#39;ed</span> <span class='ocrx_word' id='word_1_163' title='bbox 480 1318 588 1351; x_wconf 89' lang='lat' dir='ltr'>non</span> <span class='ocrx_word' id='word_1_164' title='bbox 609 1302 718 1354; x_wconf 80' lang='lat' dir='ltr'>nili,</span> <span class='ocrx_word' id='word_1_165' title='bbox 741 1302 794 1349; x_wconf 74' lang='lat' dir='ltr'>ut</span> <span class='ocrx_word' id='word_1_166' title='bbox 813 1302 974 1354; x_wconf 82' lang='lat' dir='ltr'>multi,</span> <span class='ocrx_word' id='word_1_167' title='bbox 989 1301 1092 1349; x_wconf 90' lang='lat' dir='ltr'>hoc</span> <span class='ocrx_word' id='word_1_168' title='bbox 1110 1298 1194 1354; x_wconf 78' lang='lat' dir='ltr'>est,</span> <span class='ocrx_word' id='word_1_169' title='bbox 1220 1301 1281 1348; x_wconf 88' lang='lat' dir='ltr'>ad</span> <span class='ocrx_word' id='word_1_170' title='bbox 1304 1300 1455 1362; x_wconf 85' lang='lat' dir='ltr'>usque</span> <span class='ocrx_word' id='word_1_171' title='bbox 1477 1299 1704 1348; x_wconf 86' lang='lat' dir='ltr'>medium</span> <span class='ocrx_word' id='word_1_172' title='bbox 1718 1300 1829 1347; x_wconf 77' lang='lat' dir='ltr'>Pin-</span> 
     </span>
     <span class='ocr_line' id='line_1_20' title="bbox 92 1362 1831 1425; baseline -0.003 -11"><span class='ocrx_word' id='word_1_173' title='bbox 92 1367 161 1420; x_wconf 84' lang='lat' dir='ltr'>di,</span> <span class='ocrx_word' id='word_1_174' title='bbox 180 1365 244 1413; x_wconf 86' lang='lat' dir='ltr'>ad</span> <span class='ocrx_word' id='word_1_175' title='bbox 267 1365 471 1413; x_wconf 87' lang='lat' dir='ltr'>culmen</span> <span class='ocrx_word' id='word_1_176' title='bbox 493 1380 602 1412; x_wconf 90' lang='lat' dir='ltr'>non</span> <span class='ocrx_word' id='word_1_177' title='bbox 622 1364 836 1411; x_wconf 74' lang='lat' dir='ltr'>alcendit</span> <span class='ocrx_word' id='word_1_178' title='bbox 865 1378 985 1410; x_wconf 88' lang='lat' dir='ltr'>cum</span> <span class='ocrx_word' id='word_1_179' title='bbox 1002 1365 1184 1425; x_wconf 85' lang='lat' dir='ltr'>paucis.</span> <span class='ocrx_word' id='word_1_180' title='bbox 1230 1362 1587 1424; x_wconf 82' lang='lat' dir='ltr'>Cernes,quod</span> <span class='ocrx_word' id='word_1_181' title='bbox 1612 1363 1831 1410; x_wconf 86' lang='lat' dir='ltr'>aliorum</span> 
     </span>
     <span class='ocr_line' id='line_1_21' title="bbox 93 1424 1832 1487; baseline -0.003 -10"><span class='ocrx_word' id='word_1_182' title='bbox 93 1430 335 1477; x_wconf 81' lang='lat' dir='ltr'>carminet</span> <span class='ocrx_word' id='word_1_183' title='bbox 363 1426 571 1475; x_wconf 87' lang='lat' dir='ltr'>libenter</span> <span class='ocrx_word' id='word_1_184' title='bbox 595 1426 831 1478; x_wconf 65' lang='lat' dir='ltr'>astiones,</span> <span class='ocrx_word' id='word_1_185' title='bbox 848 1427 896 1473; x_wconf 59' lang='grc' dir='ltr'>ὃς</span> <span class='ocrx_word' id='word_1_186' title='bbox 917 1439 1112 1477; x_wconf 87' lang='lat' dir='ltr'>mores,</span> <span class='ocrx_word' id='word_1_187' title='bbox 1132 1424 1296 1487; x_wconf 87' lang='lat' dir='ltr'>AEsopi</span> <span class='ocrx_word' id='word_1_188' title='bbox 1324 1424 1500 1472; x_wconf 89' lang='lat' dir='ltr'>fabulis</span> <span class='ocrx_word' id='word_1_189' title='bbox 1532 1424 1674 1486; x_wconf 80' lang='lat' dir='ltr'>quod</span> <span class='ocrx_word' id='word_1_190' title='bbox 1702 1424 1832 1472; x_wconf 84' lang='lat' dir='ltr'>dele-</span> 
     </span>
     <span class='ocr_line' id='line_1_22' title="bbox 93 1483 1834 1550; baseline -0.003 -10"><span class='ocrx_word' id='word_1_191' title='bbox 93 1492 277 1541; x_wconf 57' lang='lat' dir='ltr'>ctetur,</span> <span class='ocrx_word' id='word_1_192' title='bbox 308 1505 538 1539; x_wconf 88' lang='lat' dir='ltr'>rumores</span> <span class='ocrx_word' id='word_1_193' title='bbox 573 1489 803 1550; x_wconf 79' lang='lat' dir='ltr'>colligat,</span> <span class='ocrx_word' id='word_1_194' title='bbox 828 1485 1068 1535; x_wconf 57' lang='lat' dir='ltr'>collectos</span> <span class='ocrx_word' id='word_1_195' title='bbox 1099 1487 1312 1549; x_wconf 79' lang='lat' dir='ltr'>spargat:</span> <span class='ocrx_word' id='word_1_196' title='bbox 1358 1483 1502 1547; x_wconf 75' lang='lat' dir='ltr'>quod</span> <span class='ocrx_word' id='word_1_197' title='bbox 1542 1484 1834 1534; x_wconf 83' lang='lat' dir='ltr'>distrahatur</span> 
     </span>
     <span class='ocr_line' id='line_1_23' title="bbox 91 1547 1831 1613; baseline -0.005 -10"><span class='ocrx_word' id='word_1_198' title='bbox 91 1569 214 1603; x_wconf 84' lang='lat' dir='ltr'>cum</span> <span class='ocrx_word' id='word_1_199' title='bbox 248 1552 520 1606; x_wconf 82' lang='lat' dir='ltr'>defiderio,</span> <span class='ocrx_word' id='word_1_200' title='bbox 553 1549 804 1600; x_wconf 57' lang='lat' dir='ltr'>distraetus</span> <span class='ocrx_word' id='word_1_201' title='bbox 835 1565 953 1598; x_wconf 88' lang='lat' dir='ltr'>cum</span> <span class='ocrx_word' id='word_1_202' title='bbox 991 1549 1178 1613; x_wconf 81' lang='lat' dir='ltr'>gaudio</span> <span class='ocrx_word' id='word_1_203' title='bbox 1203 1547 1347 1610; x_wconf 79' lang='lat' dir='ltr'>quod</span> <span class='ocrx_word' id='word_1_204' title='bbox 1383 1560 1632 1612; x_wconf 82' lang='lat' dir='ltr'>operetur.</span> <span class='ocrx_word' id='word_1_205' title='bbox 1734 1547 1831 1595; x_wconf 77' lang='lat' dir='ltr'>Etsi</span> 
     </span>
     <span class='ocr_line' id='line_1_24' title="bbox 93 1610 1835 1679; baseline -0.005 -14"><span class='ocrx_word' id='word_1_206' title='bbox 93 1619 267 1665; x_wconf 87' lang='lat' dir='ltr'>minor</span> <span class='ocrx_word' id='word_1_207' title='bbox 284 1618 336 1663; x_wconf 91' lang='lat' dir='ltr'>in</span> <span class='ocrx_word' id='word_1_208' title='bbox 356 1614 580 1679; x_wconf 68' lang='lat' dir='ltr'>lingulis,</span> <span class='ocrx_word' id='word_1_209' title='bbox 599 1613 774 1663; x_wconf 86' lang='lat' dir='ltr'>sufficit</span> <span class='ocrx_word' id='word_1_210' title='bbox 795 1614 863 1660; x_wconf 92' lang='lat' dir='ltr'>illi</span> <span class='ocrx_word' id='word_1_211' title='bbox 894 1612 1114 1677; x_wconf 85' lang='lat' dir='ltr'>pluribus</span> <span class='ocrx_word' id='word_1_212' title='bbox 1147 1611 1191 1659; x_wconf 88' lang='lat' dir='ltr'>se</span> <span class='ocrx_word' id='word_1_213' title='bbox 1224 1610 1317 1659; x_wconf 86' lang='lat' dir='ltr'>esse</span> <span class='ocrx_word' id='word_1_214' title='bbox 1347 1613 1614 1659; x_wconf 78' lang='lat' dir='ltr'>intentum.</span> <span class='ocrx_word' id='word_1_215' title='bbox 1679 1611 1835 1673; x_wconf 83' lang='lat' dir='ltr'>Expe-</span> 
     </span>
     <span class='ocr_line' id='line_1_25' title="bbox 94 1672 1832 1740; baseline -0.005 -12"><span class='ocrx_word' id='word_1_216' title='bbox 94 1681 246 1732; x_wconf 84' lang='lat' dir='ltr'>rieris,</span> <span class='ocrx_word' id='word_1_217' title='bbox 267 1675 411 1740; x_wconf 79' lang='lat' dir='ltr'>quod</span> <span class='ocrx_word' id='word_1_218' title='bbox 435 1679 672 1726; x_wconf 81' lang='lat' dir='ltr'>amicitias</span> <span class='ocrx_word' id='word_1_219' title='bbox 696 1672 838 1724; x_wconf 76' lang='lat' dir='ltr'>facile</span> <span class='ocrx_word' id='word_1_220' title='bbox 860 1676 1012 1729; x_wconf 85' lang='lat' dir='ltr'>colat,</span> <span class='ocrx_word' id='word_1_221' title='bbox 1033 1676 1186 1723; x_wconf 85' lang='lat' dir='ltr'>cultas</span> <span class='ocrx_word' id='word_1_222' title='bbox 1207 1673 1394 1722; x_wconf 73' lang='lat' dir='ltr'>facilius</span> <span class='ocrx_word' id='word_1_223' title='bbox 1423 1673 1592 1738; x_wconf 86' lang='lat' dir='ltr'>laedat,</span> <span class='ocrx_word' id='word_1_224' title='bbox 1616 1672 1743 1720; x_wconf 83' lang='lat' dir='ltr'>laesas</span> <span class='ocrx_word' id='word_1_225' title='bbox 1764 1673 1832 1719; x_wconf 87' lang='lat' dir='ltr'>fa-</span> 
     </span>
     <span class='ocr_line' id='line_1_26' title="bbox 93 1736 1832 1800; baseline -0.004 -11"><span class='ocrx_word' id='word_1_226' title='bbox 93 1736 281 1790; x_wconf 76' lang='lat' dir='ltr'>cillime</span> <span class='ocrx_word' id='word_1_227' title='bbox 302 1736 564 1788; x_wconf 86' lang='lat' dir='ltr'>restauret:</span> <span class='ocrx_word' id='word_1_228' title='bbox 588 1755 705 1788; x_wconf 90' lang='lat' dir='ltr'>nam</span> <span class='ocrx_word' id='word_1_229' title='bbox 734 1738 855 1788; x_wconf 84' lang='lat' dir='ltr'>ficut</span> <span class='ocrx_word' id='word_1_230' title='bbox 877 1739 1050 1786; x_wconf 86' lang='lat' dir='ltr'>leviter</span> <span class='ocrx_word' id='word_1_231' title='bbox 1075 1737 1120 1785; x_wconf 87' lang='lat' dir='ltr'>se</span> <span class='ocrx_word' id='word_1_232' title='bbox 1142 1740 1323 1800; x_wconf 85' lang='lat' dir='ltr'>cuique</span> <span class='ocrx_word' id='word_1_233' title='bbox 1351 1736 1740 1787; x_wconf 82' lang='lat' dir='ltr'>accommodat,</span> <span class='ocrx_word' id='word_1_234' title='bbox 1764 1737 1832 1782; x_wconf 85' lang='lat' dir='ltr'>ita</span> 
     </span>
     <span class='ocr_line' id='line_1_27' title="bbox 93 1796 1830 1865; baseline -0.005 -13"><span class='ocrx_word' id='word_1_235' title='bbox 93 1805 238 1859; x_wconf 86' lang='lat' dir='ltr'>nullo</span> <span class='ocrx_word' id='word_1_236' title='bbox 261 1805 468 1865; x_wconf 84' lang='lat' dir='ltr'>negotio</span> <span class='ocrx_word' id='word_1_237' title='bbox 490 1802 902 1853; x_wconf 85' lang='lat' dir='ltr'>benevolentiam</span> <span class='ocrx_word' id='word_1_238' title='bbox 927 1812 1105 1865; x_wconf 87' lang='lat' dir='ltr'>captat.</span> <span class='ocrx_word' id='word_1_239' title='bbox 1199 1803 1259 1849; x_wconf 85' lang='lat' dir='ltr'>Et</span> <span class='ocrx_word' id='word_1_240' title='bbox 1286 1800 1514 1862; x_wconf 88' lang='lat' dir='ltr'>nunquid</span> <span class='ocrx_word' id='word_1_241' title='bbox 1534 1799 1728 1847; x_wconf 87' lang='lat' dir='ltr'>bonam</span> <span class='ocrx_word' id='word_1_242' title='bbox 1748 1796 1830 1844; x_wconf 88' lang='lat' dir='ltr'>hic</span> 
     </span>
     <span class='ocr_line' id='line_1_28' title="bbox 95 1859 1832 1927; baseline -0.005 -13"><span class='ocrx_word' id='word_1_243' title='bbox 95 1866 266 1915; x_wconf 67' lang='lat' dir='ltr'>nastus</span> <span class='ocrx_word' id='word_1_244' title='bbox 290 1867 357 1914; x_wconf 83' lang='lat' dir='ltr'>est</span> <span class='ocrx_word' id='word_1_245' title='bbox 378 1865 637 1914; x_wconf 80' lang='lat' dir='ltr'>indolem?</span> <span class='ocrx_word' id='word_1_246' title='bbox 668 1867 839 1927; x_wconf 79' lang='lat' dir='ltr'>utique</span> <span class='ocrx_word' id='word_1_247' title='bbox 867 1864 1078 1917; x_wconf 87' lang='lat' dir='ltr'>bonam,</span> <span class='ocrx_word' id='word_1_248' title='bbox 1093 1865 1209 1925; x_wconf 86' lang='lat' dir='ltr'>quia</span> <span class='ocrx_word' id='word_1_249' title='bbox 1239 1863 1582 1927; x_wconf 81' lang='lat' dir='ltr'>phlegmatico</span> <span class='ocrx_word' id='word_1_250' title='bbox 1603 1890 1622 1897; x_wconf 93' lang='lat'>—</span> <span class='ocrx_word' id='word_1_251' title='bbox 1643 1859 1832 1922; x_wconf 85' lang='lat' dir='ltr'>sangui-</span> 
     </span>
     <span class='ocr_line' id='line_1_29' title="bbox 97 1924 1535 1991; baseline -0.003 -14"><span class='ocrx_word' id='word_1_252' title='bbox 97 1943 264 1981; x_wconf 83' lang='lat' dir='ltr'>neam,</span> <span class='ocrx_word' id='word_1_253' title='bbox 278 1929 355 1976; x_wconf 90' lang='lat' dir='ltr'>cui</span> <span class='ocrx_word' id='word_1_254' title='bbox 376 1943 439 1975; x_wconf 88' lang='lat' dir='ltr'>ne</span> <span class='ocrx_word' id='word_1_255' title='bbox 466 1927 521 1977; x_wconf 81' lang='lat' dir='ltr'>fit</span> <span class='ocrx_word' id='word_1_256' title='bbox 541 1929 722 1976; x_wconf 89' lang='lat' dir='ltr'>melior</span> <span class='ocrx_word' id='word_1_257' title='bbox 736 1960 748 1981; x_wconf 86' lang='lat'>,</span> <span class='ocrx_word' id='word_1_258' title='bbox 769 1939 939 1991; x_wconf 76' lang='lat' dir='ltr'>praeter</span> <span class='ocrx_word' id='word_1_259' title='bbox 958 1926 1217 1974; x_wconf 86' lang='lat' dir='ltr'>choleram</span> <span class='ocrx_word' id='word_1_260' title='bbox 1242 1924 1376 1974; x_wconf 85' lang='lat' dir='ltr'>deest</span> <span class='ocrx_word' id='word_1_261' title='bbox 1398 1924 1535 1972; x_wconf 86' lang='lat' dir='ltr'>nihil.</span> 
     </span>
    </p>

    <p class='ocr_par' dir='ltr' id='par_1_3' title="bbox 97 1982 1856 2554">
     <span class='ocr_line' id='line_1_30' title="bbox 224 1982 1831 2043; baseline -0.002 -5"><span class='ocrx_word' id='word_1_262' title='bbox 224 1991 420 2040; x_wconf 88' lang='lat' dir='ltr'><strong>LEUC:</strong></span> <span class='ocrx_word' id='word_1_263' title='bbox 487 1991 555 2041; x_wconf 87' lang='lat' dir='ltr'>Ut</span> <span class='ocrx_word' id='word_1_264' title='bbox 583 1991 760 2043; x_wconf 88' lang='lat' dir='ltr'>video,</span> <span class='ocrx_word' id='word_1_265' title='bbox 786 1990 1161 2038; x_wconf 81' lang='lat' dir='ltr'>cholericorum</span> <span class='ocrx_word' id='word_1_266' title='bbox 1189 2005 1246 2036; x_wconf 81' lang='lat' dir='ltr'>ex</span> <span class='ocrx_word' id='word_1_267' title='bbox 1278 1989 1396 2036; x_wconf 86' lang='lat' dir='ltr'>albo</span> <span class='ocrx_word' id='word_1_268' title='bbox 1420 2002 1495 2040; x_wconf 89' lang='lat' dir='ltr'>es,</span> <span class='ocrx_word' id='word_1_269' title='bbox 1515 1984 1634 2035; x_wconf 79' lang='lat' dir='ltr'>cum</span> <span class='ocrx_word' id='word_1_270' title='bbox 1663 1984 1729 2034; x_wconf 83' lang='lat' dir='ltr'>fic</span> <span class='ocrx_word' id='word_1_271' title='bbox 1761 1982 1831 2035; x_wconf 84' lang='lat' dir='ltr'>su—</span> 
     </span>
     <span class='ocr_line' id='line_1_31' title="bbox 97 2047 1856 2117; baseline -0.005 -14"><span class='ocrx_word' id='word_1_272' title='bbox 97 2051 264 2117; x_wconf 88' lang='lat' dir='ltr'>scipias</span> <span class='ocrx_word' id='word_1_273' title='bbox 287 2054 622 2116; x_wconf 87' lang='lat' dir='ltr'>patrocinium</span> <span class='ocrx_word' id='word_1_274' title='bbox 640 2053 870 2101; x_wconf 80' lang='lat' dir='ltr'>cholerae.</span> <span class='ocrx_word' id='word_1_275' title='bbox 940 2051 996 2100; x_wconf 89' lang='lat' dir='ltr'>Id</span> <span class='ocrx_word' id='word_1_276' title='bbox 1027 2063 1198 2099; x_wconf 84' lang='lat' dir='ltr'>tamen</span> <span class='ocrx_word' id='word_1_277' title='bbox 1230 2066 1352 2115; x_wconf 84' lang='lat' dir='ltr'>pace</span> <span class='ocrx_word' id='word_1_278' title='bbox 1374 2047 1457 2098; x_wconf 62' lang='lat' dir='ltr'>tua</span> <span class='ocrx_word' id='word_1_279' title='bbox 1481 2047 1566 2097; x_wconf 72' lang='lat' dir='ltr'>hic</span> <span class='ocrx_word' id='word_1_280' title='bbox 1594 2050 1856 2101; x_wconf 73' lang='lat' dir='ltr'>dixerim..</span> 
     </span>
     <span class='ocr_line' id='line_1_32' title="bbox 97 2112 1831 2179; baseline -0.001 -14"><span class='ocrx_word' id='word_1_281' title='bbox 97 2117 424 2179; x_wconf 83' lang='lat' dir='ltr'>temperiem,</span> <span class='ocrx_word' id='word_1_282' title='bbox 449 2129 604 2177; x_wconf 87' lang='lat' dir='ltr'>quam</span> <span class='ocrx_word' id='word_1_283' title='bbox 623 2127 811 2164; x_wconf 88' lang='lat' dir='ltr'>vocant</span> <span class='ocrx_word' id='word_1_284' title='bbox 837 2114 901 2163; x_wconf 88' lang='lat' dir='ltr'>ad</span> <span class='ocrx_word' id='word_1_285' title='bbox 922 2113 1125 2179; x_wconf 87' lang='lat' dir='ltr'>pondus</span> <span class='ocrx_word' id='word_1_286' title='bbox 1141 2146 1153 2168; x_wconf 82' lang='lat'>,</span> <span class='ocrx_word' id='word_1_287' title='bbox 1177 2116 1227 2161; x_wconf 90' lang='lat' dir='ltr'>in</span> <span class='ocrx_word' id='word_1_288' title='bbox 1253 2112 1674 2177; x_wconf 79' lang='lat' dir='ltr'>Phyliognomica</span> <span class='ocrx_word' id='word_1_289' title='bbox 1701 2123 1831 2163; x_wconf 74' lang='lat' dir='ltr'>arte2</span> 
     </span>
     <span class='ocr_line' id='line_1_33' title="bbox 99 2175 1830 2241; baseline -0.003 -14"><span class='ocrx_word' id='word_1_290' title='bbox 99 2181 283 2228; x_wconf 84' lang='lat' dir='ltr'>caeteris</span> <span class='ocrx_word' id='word_1_291' title='bbox 306 2176 685 2241; x_wconf 74' lang='lat' dir='ltr'>praeponderare</span> <span class='ocrx_word' id='word_1_292' title='bbox 712 2192 974 2240; x_wconf 84' lang='lat' dir='ltr'>nunquam</span> <span class='ocrx_word' id='word_1_293' title='bbox 1007 2192 1116 2225; x_wconf 85' lang='lat' dir='ltr'>non</span> <span class='ocrx_word' id='word_1_294' title='bbox 1150 2175 1322 2225; x_wconf 86' lang='lat' dir='ltr'>didici:</span> <span class='ocrx_word' id='word_1_295' title='bbox 1358 2178 1468 2223; x_wconf 81' lang='lat' dir='ltr'>imo</span> <span class='ocrx_word' id='word_1_296' title='bbox 1503 2176 1713 2222; x_wconf 89' lang='lat' dir='ltr'>memini</span> <span class='ocrx_word' id='word_1_297' title='bbox 1744 2189 1830 2222; x_wconf 87' lang='lat' dir='ltr'>me</span> 
     </span>
     <span class='ocr_line' id='line_1_34' title="bbox 99 2236 1832 2303; baseline -0.003 -13"><span class='ocrx_word' id='word_1_298' title='bbox 99 2239 289 2293; x_wconf 67' lang='lat' dir='ltr'>lecisse,</span> <span class='ocrx_word' id='word_1_299' title='bbox 311 2242 396 2302; x_wconf 89' lang='lat' dir='ltr'>qui</span> <span class='ocrx_word' id='word_1_300' title='bbox 415 2239 485 2288; x_wconf 91' lang='lat' dir='ltr'>ob</span> <span class='ocrx_word' id='word_1_301' title='bbox 510 2236 854 2303; x_wconf 83' lang='lat' dir='ltr'>praestantiam,</span> <span class='ocrx_word' id='word_1_302' title='bbox 868 2241 1086 2287; x_wconf 84' lang='lat' dir='ltr'>numeris</span> <span class='ocrx_word' id='word_1_303' title='bbox 1109 2238 1346 2287; x_wconf 88' lang='lat' dir='ltr'>omnibus</span> <span class='ocrx_word' id='word_1_304' title='bbox 1375 2237 1653 2286; x_wconf 84' lang='lat' dir='ltr'>absolutam</span> <span class='ocrx_word' id='word_1_305' title='bbox 1668 2270 1680 2290; x_wconf 89' lang='lat'>,</span> <span class='ocrx_word' id='word_1_306' title='bbox 1702 2236 1832 2284; x_wconf 86' lang='lat' dir='ltr'>hanc</span> 
     </span>
     <span class='ocr_line' id='line_1_35' title="bbox 99 2278 1827 2366; baseline -0.005 -14"><span class='ocrx_word' id='word_1_307' title='bbox 99 2278 303 2355; x_wconf 57' lang='lat' dir='ltr'>Cssristo</span> <span class='ocrx_word' id='word_1_308' title='bbox 326 2299 845 2366; x_wconf 80' lang='lat' dir='ltr'>temperiem,ejt&#39;1sque</span> <span class='ocrx_word' id='word_1_309' title='bbox 857 2303 1008 2350; x_wconf 88' lang='lat' dir='ltr'>Matri</span> <span class='ocrx_word' id='word_1_310' title='bbox 1021 2303 1267 2365; x_wconf 78' lang='lat' dir='ltr'>Virgineae</span> <span class='ocrx_word' id='word_1_311' title='bbox 1287 2298 1626 2350; x_wconf 63' lang='lat' dir='ltr'>adiudicarint.</span> <span class='ocrx_word' id='word_1_312' title='bbox 1673 2302 1827 2346; x_wconf 86' lang='lat' dir='ltr'><em>MEL:</em></span> 
     </span>
     <span class='ocr_line' id='line_1_36' title="bbox 100 2360 1829 2429; baseline -0.002 -13"><span class='ocrx_word' id='word_1_313' title='bbox 100 2365 352 2429; x_wconf 89' lang='lat' dir='ltr'>Equidem</span> <span class='ocrx_word' id='word_1_314' title='bbox 371 2380 468 2428; x_wconf 84' lang='lat' dir='ltr'>ego</span> <span class='ocrx_word' id='word_1_315' title='bbox 485 2365 536 2412; x_wconf 89' lang='lat' dir='ltr'>id</span> <span class='ocrx_word' id='word_1_316' title='bbox 558 2363 906 2426; x_wconf 64' lang='lat' dir='ltr'>nonjnficior,</span> <span class='ocrx_word' id='word_1_317' title='bbox 941 2363 975 2412; x_wconf 83' lang='lat' dir='ltr'>fi</span> <span class='ocrx_word' id='word_1_318' title='bbox 1000 2376 1403 2428; x_wconf 87' lang='lat' dir='ltr'>temperamento</span> <span class='ocrx_word' id='word_1_319' title='bbox 1427 2360 1554 2420; x_wconf 85' lang='lat' dir='ltr'>justo</span> <span class='ocrx_word' id='word_1_320' title='bbox 1573 2363 1829 2425; x_wconf 69' lang='lat' dir='ltr'>intelligas,</span> 
     </span>
     <span class='ocr_line' id='line_1_37' title="bbox 103 2423 1831 2491; baseline -0.005 -14"><span class='ocrx_word' id='word_1_321' title='bbox 103 2427 248 2491; x_wconf 90' lang='lat' dir='ltr'>quod</span> <span class='ocrx_word' id='word_1_322' title='bbox 266 2427 438 2476; x_wconf 92' lang='lat' dir='ltr'>debes:</span> <span class='ocrx_word' id='word_1_323' title='bbox 475 2443 585 2476; x_wconf 91' lang='lat' dir='ltr'>non</span> <span class='ocrx_word' id='word_1_324' title='bbox 604 2427 726 2475; x_wconf 87' lang='lat' dir='ltr'>illud</span> <span class='ocrx_word' id='word_1_325' title='bbox 753 2442 962 2490; x_wconf 88' lang='lat' dir='ltr'>nempe,</span> <span class='ocrx_word' id='word_1_326' title='bbox 988 2427 1130 2489; x_wconf 89' lang='lat' dir='ltr'>quod</span> <span class='ocrx_word' id='word_1_327' title='bbox 1151 2427 1325 2489; x_wconf 88' lang='lat' dir='ltr'>aequali</span> <span class='ocrx_word' id='word_1_328' title='bbox 1350 2427 1489 2475; x_wconf 86' lang='lat' dir='ltr'>lance</span> <span class='ocrx_word' id='word_1_329' title='bbox 1517 2425 1757 2474; x_wconf 84' lang='lat' dir='ltr'>humores</span> <span class='ocrx_word' id='word_1_330' title='bbox 1779 2423 1831 2469; x_wconf 86' lang='lat' dir='ltr'>li—</span> 
     </span>
     <span class='ocr_line' id='line_1_38' title="bbox 103 2482 1833 2554; baseline -0.006 -14"><span class='ocrx_word' id='word_1_331' title='bbox 103 2492 230 2543; x_wconf 88' lang='lat' dir='ltr'>brat,</span> <span class='ocrx_word' id='word_1_332' title='bbox 254 2491 334 2539; x_wconf 90' lang='lat' dir='ltr'>sed</span> <span class='ocrx_word' id='word_1_333' title='bbox 353 2490 519 2552; x_wconf 85' lang='lat' dir='ltr'>quod,</span> <span class='ocrx_word' id='word_1_334' title='bbox 539 2486 659 2548; x_wconf 67' lang='lat' dir='ltr'>justa</span> <span class='ocrx_word' id='word_1_335' title='bbox 675 2491 1023 2554; x_wconf 87' lang='lat' dir='ltr'>proportione,</span> <span class='ocrx_word' id='word_1_336' title='bbox 1039 2490 1121 2538; x_wconf 88' lang='lat' dir='ltr'>tali</span> <span class='ocrx_word' id='word_1_337' title='bbox 1142 2489 1340 2539; x_wconf 84' lang='lat' dir='ltr'>homini</span> <span class='ocrx_word' id='word_1_338' title='bbox 1365 2491 1714 2539; x_wconf 85' lang='lat' dir='ltr'>conveniente,</span> <span class='ocrx_word' id='word_1_339' title='bbox 1730 2482 1833 2531; x_wconf 86' lang='lat' dir='ltr'>eos-</span> 
     </span>
    </p>
   </div>
   <div class='ocr_carea' id='block_1_3' title="bbox 108 2551 1833 2664">
    <p class='ocr_par' dir='ltr' id='par_1_4' title="bbox 108 2551 1833 2664">
     <span class='ocr_line' id='line_1_39' title="bbox 108 2551 1833 2664; baseline -0.006 -61"><span class='ocrx_word' id='word_1_340' title='bbox 108 2553 225 2603; x_wconf 87' lang='lat' dir='ltr'>dem</span> <span class='ocrx_word' id='word_1_341' title='bbox 256 2552 506 2619; x_wconf 87' lang='lat' dir='ltr'>dispensat.</span> <span class='ocrx_word' id='word_1_342' title='bbox 606 2552 763 2610; x_wconf 89' lang='lat' dir='ltr'>Hujus</span> <span class='ocrx_word' id='word_1_343' title='bbox 783 2551 1103 2664; x_wconf 46' lang='lat' dir='ltr'>estypcfinbfiaa</span> <span class='ocrx_word' id='word_1_344' title='bbox 1121 2568 1204 2602; x_wconf 89' lang='lat' dir='ltr'>me</span> <span class='ocrx_word' id='word_1_345' title='bbox 1224 2565 1431 2619; x_wconf 85' lang='lat' dir='ltr'>peteres,</span> <span class='ocrx_word' id='word_1_346' title='bbox 1453 2552 1833 2658; x_wconf 49' lang='lat' dir='ltr'>colorezgssffim</span> 
     </span>
    </p>
   </div>
  </div>
 </body>
</html>
