2175 2911
1 220 5 290 1

717 129 912 179 Ariadne
939 131 1129 194 Physica·
1634 144 1718 193 171

52 217 171 269 ideo
189 219 398 284 pretiosa
425 253 438 275 ,
466 215 609 284 quod
630 220 810 269 virtute
840 219 1121 285 magnetica
1140 238 1365 286 gemmas
1386 224 1445 274 ad
1478 223 1523 274 se
1542 224 1702 273 trahat
1729 225 1795 273 la-

3 292 6 332 l
49 295 226 331 tentes.
296 285 547 333 Clementi
567 284 612 332 V
619 285 689 337 11,
711 284 932 348 lapillum
956 286 1146 332 annulo
1165 288 1426 342 inclusum,
1445 288 1582 336 fuisse
1606 288 1796 343 ferunt,
1826 268 2001 319 cardam

50 348 100 394 in
124 362 229 409 quo
249 362 393 395 aurea
415 347 644 409 quaedam
669 349 864 396 macula
885 362 1004 395 cum
1028 348 1211 397 Phaebo
1225 354 1420 400 oriente
1441 353 1630 404 oriens,
1647 355 1695 401 ὃ(
1711 367 1799 400 oc·

0 414 7 469 3ss
52 410 221 458 cidens
246 425 362 458 cum
386 411 651 459 occidente
667 443 678 464 ‚
709 411 772 458 ad
793 411 902 459 solis
919 423 1123 458 motum
1146 412 1236 460 sese
1253 414 1794 476 circnma-yrabatquo-

0 475 6 483 ,,

0 490 8 524 lt

0 575 6 668 l

0 670 7 713 {t

51 472 170 541 tidie
191 475 242 521 iu
261 474 447 537 lapillo.
518 476 645 523 Non
666 474 830 523 minus
854 474 1131 522 mirabilem
1158 507 1169 526 ,
1202 479 1391 526 annulo
1413 453 1618 540 qfioque
1640 479 1794 525 inclu-

0 536 7 570 35
51 538 495 589 ium‚circumtulit
507 538 617 587 Leo
641 540 685 586 X
702 571 713 589 ,
738 547 854 585 nam
880 552 972 601 pro
992 539 1133 585 vario
1151 539 1301 588 Lunae
1321 539 1559 589 luminee
1578 541 1793 589 caeruleo
1826 535 1964 582 Rhod-

53 598 220 646 abibat
242 601 293 646 in
314 601 603 649 candidum.
673 600 914 651 Thracius
940 601 1055 664 lapis
1079 598 1207 660 aqua
1227 605 1538 656 accenditur,
1565 605 1791 651 accensus
1825 598 1854 644 l·
1872 612 1911 642 2-
1936 599 1976 644 d·
2001 611 2038 645 1·

53 660 176 710 oleo
196 662 352 711 rursus
372 661 700 726 restinguitur.
788 665 1010 711 Heni-ico
1044 664 1104 712 11.
1140 664 1413 715 Galliarum
1438 668 1590 729 Regi,
1624 667 1792 716 Bono·
1828 661 2042 718 mins-33

0 731 7 783 {f
53 729 144 772 niae
167 725 390 788 degenti,
420 727 636 790 lapidem
659 744 715 775 cx
740 726 983 775 Orientali
1006 726 1144 774 India
1162 726 1365 776 allatum
1387 763 1399 783 ,
1424 730 1583 786 ajunt,
1605 725 1798 794 stupeu-
1829 721 1971 782 δια-β.
1987 725 2033 768 in

3 791 7 840 l
56 787 126 836 do
156 790 346 836 lumine
368 790 712 837 coruscantem
736 822 748 842 ,
784 804 903 837 nam
926 803 1060 837 totus
1083 791 1234 838 veluti
1256 793 1458 845 ardens,
1489 794 1598 841 luce
1623 796 1696 840 vix
1720 805 1796 840 to·
1832 788 1987 832 admir-

4 841 8 853 P

0 957 2 1003 l

54 850 268 904 lerabili,
304 852 547 899 radiabat:
597 865 734 900 terrae
767 851 831 898 fic
854 864 957 899 erat
987 855 1250 916 impatiens
1271 887 1284 907 ,
1317 867 1373 902 ut
1412 854 1468 902 ea
1499 868 1799 917 coopertus,
1826 847 1920 908 fvffi
1944 860 2049 907 c.23

50 913 131 961 sua
152 915 326 977 sponte
355 915 579 962 evolaret
600 915 651 961 in
675 915 860 963 altum:
884 915 1070 964 includi
1091 929 1192 965 arte
1215 915 1437 967 humana
1458 933 1564 966 non
1613 929 1799 964 otcrat:

5 1002 9 1040 }
48 974 245 1024 summa
273 976 325 1022 in
347 990 412 1024 eo
436 980 616 1041 puritas
634 1003 652 1032 ,
678 979 884 1027 eximius
906 980 1042 1027 nitor
1067 1014 1079 1034 ‚
1110 981 1189 1029 sed
1217 979 1375 1045 figura
1403 981 1579 1030 inconl
1605 995 1691 1028 ans
1708 1012 1720 1034 ,
1749 981 1803 1028 in

51 1051 320 1089 momenta
341 1041 607 1090 mutabilis,
625 1057 716 1088 nec
738 1038 946 1106 impune
974 1055 1173 1104 poterat
1197 1046 1510 1092 contreftari.
1581 1047 1641 1094 Et
1660 1045 1803 1092 Para-

53 1104 224 1164 quaria
252 1117 512 1165 gemmam
545 1104 769 1157 exhibet,
798 1105 1179 1168 Gazophylacio
1211 1109 1416 1156 Naturae
1438 1102 1649 1156 minime
1678 1106 1802 1157 indi-

55 1181 208 1230 gnam
224 1198 236 1217 ,
260 1182 378 1213 nam
399 1167 640 1229 sexaginta
668 1167 865 1217 diversis
887 1166 1105 1217 omnino
1129 1170 1376 1233 elegantiis
1398 1171 1632 1234 superbit:
1670 1169 1805 1218 vide-

56 1244 133 1277 res
157 1231 208 1275 in
228 1230 308 1277 illa
324 1262 336 1282 ,
361 1231 682 1278 adamantem
704 1232 983 1295 splendere,
1006 1233 1183 1281 rubere
1204 1233 1569 1282 carbunculum
1584 1268 1599 1289 ,
1619 1233 1810 1282 radiare

57 1289 395 1356 amethystum
411 1327 423 1347 ,
442 1294 698 1342 coruscare
722 1294 987 1342 rubinum:
1026 1292 1320 1359 stupesceres
1342 1300 1393 1345 in
1412 1299 1559 1346 unica
1584 1311 1808 1361 gemma,

56 1370 223 1422 pomo
243 1355 716 1409 velutiGranatenfi,
740 1355 804 1404 fic
826 1356 997 1405 inlitos
1012 1356 1038 1405 a
1060 1360 1253 1407 Natura
1268 1392 1280 1413 ‚
1300 1355 1573 1421 unitosque
1597 1361 1810 1408 uniones

58 1433 259 1472 omnes,
283 1432 338 1468 ut
358 1416 541 1469 merito
563 1424 746 1465 Gemmae
765 1418 1030 1465 admirabilis
1053 1424 1264 1469 nomine
1290 1423 1555 1484 glorietur:
1593 1421 1713 1470 illud
1739 1423 1812 1469 in-

57 1483 368 1546 superhabet
397 1482 637 1548 prodigii,
669 1479 811 1544 quod
840 1495 983 1530 tanto
1018 1484 1237 1547 impetu,
1260 1482 1584 1545 tumultuque
1616 1480 1643 1532 ὲ
1673 1496 1812 1532 terrae

58 1547 322 1595 visceribus
345 1558 731 1611 progeneretur,
752 1557 805 1593 ut
832 1545 1023 1594 nubem
1040 1579 1051 1599 ,
1072 1558 1283 1595 tonante
1310 1549 1442 1604 Jove
1457 1580 1469 1600 ,
1492 1545 1686 1595 dissilire
1714 1560 1816 1593 cre-

60 1608 226 1660 deres,
252 1625 360 1671 quo
383 1610 511 1658 sono
536 1610 784 1657 admoniti
804 1610 1009 1663 incolae,
1027 1610 1089 1658 ad
1109 1610 1460 1675 reperiendum
1483 1609 1585 1659 hoc
1608 1612 1816 1659 Natura:

60 1672 303 1720 cimelion
323 1674 581 1721 turmatim
603 1672 648 1720 se
667 1672 712 1720 se
734 1675 1016 1736 accingunt.
1085 1676 1147 1723 Et
1158 1673 1378 1723 Arcadia
1398 1673 1583 1738 lapides
1603 1674 1817 1723 alit‚non

60 1731 177 1783 raro
207 1734 500 1783 hominibus
521 1735 860 1800 pretiosiores:
898 1751 1027 1799 quos
1049 1739 1177 1786 inter
1199 1733 1485 1791 Asbeston,
1516 1736 1691 1801 dignus
1714 1733 1819 1783 hoc

63 1800 417 1851 nomine,nam
435 1799 586 1848 semel
606 1799 834 1847 accensus
859 1803 1075 1864 extingui
1095 1803 1283 1863 nequit.
1353 1800 1535 1849 Alium
1552 1795 1819 1853 monstrat,

63 1875 220 1924 quem
243 1859 274 1909 fi
299 1858 446 1925 stupae
475 1862 875 1926 superimponas,
896 1879 1019 1913 mox
1048 1863 1303 1916 accendit,
1328 1876 1478 1926 atque
1500 1862 1816 1912 accenditur:

70 1936 217 1973 notet
245 1924 345 1973 hoe
367 1927 655 1990 symbolum
681 1929 955 1984 Juventus‚
976 1923 1128 1990 seque
1158 1928 1362 1976 noverit
1392 1926 1486 1974 effe
1514 1927 1747 1979 foenum,
1768 1927 1821 1975 ὅ(

68 1985 264 2052 stupam
278 2021 292 2041 ,
311 1989 633 2038 occasionem
652 1988 775 2040 vero
808 1991 1044 2052 lapidem,
1070 1991 1287 2039 decisum
1311 1988 1337 2037 a
1355 2002 1493 2054 petra
1514 1989 1743 2038 scandali.

198 2052 396 2102 LEUC:
464 2054 653 2107 Miror,
677 2055 819 2115 quod
842 2056 1035 2102 silentio
1058 2069 1253 2117 premas
1278 2053 1447 2102 annuli
1469 2054 1711 2111 horologum
1728 2052 1818 2110 Ja-
1849 2050 1999 2097 Forer.

65 2115 247 2176 fidem,
270 2113 333 2162 fic
351 2117 702 2170 nominatum,
729 2115 873 2179 quod
901 2119 1029 2164 intra
1058 2118 1168 2165 vitri
1201 2116 1334 2165 labra
1363 2132 1520 2165 manu
1542 2116 1815 2179 suspensus,
1848 2112 2007 2173 disp-de

72 2178 155 2227 sua
182 2178 355 2243 sponte
383 2178 429 2225 se
448 2191 682 2233 moveat,
722 2183 772 2230 ὅ(
793 2181 1006 2244 repetito
1025 2179 1164 2243 pulsu
1183 2179 1332 2228 horas
1352 2178 1589 2244 significet
1608 2178 1817 2244 paracio·
1848 2192 1908 2219 απ·
1923 2191 1965 2221 n-
1988 2187 2066 2232 23,

73 2256 194 2290 xum
218 2253 536 2291 automaton.
605 2243 844 2292 Probavit
862 2243 962 2291 hoc
977 2242 1230 2306 horologii
1250 2258 1405 2307 genus
1419 2244 1717 2308 Purpuratus
1741 2243 1820 2290 ali·
1851 2238 1991 2295 Joan,

72 2306 184 2367 quis
207 2305 452 2369 Princeps,
472 2309 522 2353 in
545 2307 776 2369 Peripato
799 2305 1024 2359 celebris,
1047 2322 1109 2354 an
1130 2304 1433 2372 approbarit,
1447 2322 1556 2355 non
1575 2306 1816 2370 comperi.
1852 2302 1973 2357 Lago

75 2369 232 2415 MEL:
302 2368 623 2432 Approbavit
650 2370 716 2417 sat
744 2369 904 2433 longo
928 2381 1183 2432 tempore,
1209 2380 1380 2418 totum
1414 2371 1676 2434 negotium
1697 2366 1820 2415 refe·
1852 2362 1976 2411 Card.

78 2446 190 2480 rens
223 2431 274 2479 in
306 2444 510 2480 motum
535 2432 764 2495 pulsantis
795 2435 1007 2486 arteriae,
1037 2436 1090 2481 in
1108 2432 1339 2481 Siderum
1367 2432 1607 2487 influxus,
1633 2444 1689 2478 ac
1711 2444 1824 2477 cau-

78 2496 149 2545 sas
169 2494 347 2557 Magia:
367 2497 596 2544 naturalis
619 2498 920 2559 incognitas:
957 2496 1037 2545 sed
1060 2496 1347 2559 reprobavit
1362 2529 1374 2550 ‚
1398 2495 1604 2559 quando
1630 2507 1828 2557 campa-

0 2562 14 2628 3}
53 2558 259 2610 cnulam
277 2559 616 2615 vitream‚non
632 2560 904 2625 Hispanicis
916 2556 1189 2617 modo,sed
1208 2560 1448 2613 &Italicis
1467 2558 1604 2610 horis
1627 2571 1830 2607 accom-

916 2624 963 2674 Y
995 2636 1025 2670 2
1661 2632 1775 2673 mo-
