2175 2911
435 134 497 179 66
1074 129 1248 193 Coloffuae
1280 128 1501 195 Mysticus.
1596 129 1629 152 ‘

371 225 498 277 illud
525 221 595 275 cst
623 225 855 284 Ejusdem
876 226 1182 279 Sacrarium:
1217 230 1271 279 in
1288 224 1385 279 isto
1413 239 1634 293 quatuor
1664 227 1943 286 elementa,
1962 231 2015 281 in
2039 233 2132 285 illo

372 304 592 353 quatuor
619 292 877 342 elementis
903 292 1120 343 totidem
1149 292 1452 358 respondent
1471 292 1739 342 humores:
1777 295 1829 343 in
1850 290 1945 343 isto
1958 293 2132 352 fidem,

369 356 422 402 in
439 355 528 402 illo
544 353 761 403 siderum
773 352 1048 409 instar,duo
1069 356 1322 420 fulgurant
1343 356 1558 404 lumina:
1594 353 1754 405 inisto
1767 359 2133 424 meteorologi-

368 433 437 465 cae
455 415 823 481 impressiones,
844 421 897 467 in
924 419 1014 468 illo
1037 421 1251 484 analoga
1278 431 1803 483 temperamentorum
1825 420 2131 486 symptoma-

369 492 445 534 ta,
471 494 525 529 ut
547 480 677 530 adeo
701 482 828 538 jure,
853 497 962 531 non
984 497 1143 532 nemo
1160 482 1434 531 hominem
1453 480 1626 530 dixerit
1646 483 1892 530 creaturam
1912 484 2132 541 ultimam,

124 539 322 586 ExScar-
370 544 427 591 &⁴
439 543 835 606 praeslanttffimam,
856 544 903 592 εὸ
922 546 1030 608 quod
1048 549 1181 593 totim
1207 545 1366 592 Mundi
1396 542 1554 591 habeat
1581 555 1726 604 partes
1749 578 1765 602 ‚
1791 545 1978 610 nihilque
1993 547 2054 608 fic
2083 550 2130 597 in

123 601 206 650 lat.
369 607 528 667 majori
556 608 632 654 hoc
655 610 846 660 Mundo,
872 610 980 670 quod
998 624 1078 657 non
1107 612 1151 655 in
1172 611 1360 655 Homine
1388 609 1646 669 reperiatur.

498 670 695 723 LEUC:
749 672 983 736 Intelligo
1019 671 1312 721 affinitatem
1336 688 1347 718 t
1399 670 1748 720 admirabilem
1787 671 1918 723 hanc
1945 673 2132 723 Mundi

371 733 735 787 machinam,&
749 736 964 799 gloriosa
978 736 1193 793 ejusdem
1207 735 1421 799 Imperia
1431 734 1549 798 lapis
1568 733 1649 782 ille
1669 732 1902 800 mysticus
1924 733 2136 800 proster-

370 810 484 850 net,
510 795 775 860 subitoque
805 799 995 863 rediget
1019 801 1070 847 in
1093 799 1340 848 favillam:
1388 801 1438 848 &
1461 799 1561 862 pari
1583 797 1690 845 fato
1716 798 1924 848 humaui
1949 815 2133 863 eorpo-

368 863 433 909 ris
452 862 645 914 Statua,
667 877 752 926 per
782 875 1035 913 mortem,
1054 877 1163 924 quae
1191 862 1380 926 peccati
1407 857 1733 925 stipendium,
1765 863 1816 909 in
1846 858 1979 910 triste
2007 861 2134 911 nihi-

368 924 480 972 lum
508 923 780 973 relabetur:
816 924 935 974 hinc
965 927 1221 987 utriusque
1243 921 1439 974 Colossi
1474 920 1755 986 stylobatae,
1787 923 1972 974 merito
2004 924 2137 974 hanc

368 986 527 1051 affigis
552 987 892 1053 Epigraphcn:
945 988 1072 1052 quam
1105 990 1188 1034 ειίὸ
1210 989 1372 1047 grande
1391 988 1532 1033 nihil!
1597 989 1753 1033 MEL:
1836 988 2005 1037 Crede
2041 990 2136 1036 mi-

366 1048 445 1103 hi,
472 1046 541 1097 est
565 1052 713 1113 digna
747 1050 855 1100 haee
885 1054 1088 1104 veritas,
1114 1064 1269 1113 quam
1294 1046 1639 1112 Philosophiec‘i
1672 1047 1855 1098 trutina
1891 1049 2137 1099 maturius

367 1112 724 1176 expendamus.
824 1114 1065 1175 Borgiam
1089 1128 1207 1174 age,
1236 1115 1518 1159 etiamnum
1552 1111 1747 1161 Aulicae
1760 1114 1990 1161 Fortunae
2013 1113 2136 1162 Pro-

363 1174 569 1224 theum,
598 1174 743 1228 vide,
761 1175 842 1221 vel
867 1177 982 1235 quia
1012 1176 1171 1222 oculis
1195 1189 1303 1222 non
1322 1173 1614 1227 fidendum,
1636 1175 1807 1224 saltem
1841 1176 1983 1230 audi,
2014 1176 2136 1239 quid

364 1237 449 1285 ille
467 1236 646 1285 viderit
663 1238 714 1283 in
734 1236 961 1291 Isabella,
984 1252 1139 1299 quam
1167 1237 1380 1291 dixerat,
1408 1235 1539 1286 adeo
1572 1236 1757 1286 bellam
1773 1271 1785 1291 ‚
1808 1250 1863 1287 ut
1885 1238 2000 1287 cffet
2028 1239 2134 1288 for-

365 1316 463 1349 mae
505 1299 823 1365 prodigium,
855 1303 905 1349 6<
924 1313 1111 1348 naturae
1137 1301 1464 1348 miraculum:
1510 1315 1665 1362 quam
1699 1300 2033 1350 affirmaverat
2063 1302 2135 1351 di-

365 1366 633 1427 gnam,cui
651 1363 925 1411 Discordia:
948 1377 1169 1425 pomum
1190 1359 1432 1411 offerrent
1443 1363 1657 1418 Parides,
1671 1380 1728 1412 ae
1747 1365 1900 1414 veluti
1920 1364 2135 1428 pulchri-

365 1427 551 1475 tudinis
573 1428 695 1475 Deae
718 1426 832 1474 thus
851 1426 1114 1474 adolerent
1136 1426 1218 1481 Dij
1235 1427 1480 1489 Principes
1499 1427 1727 1491 Europae.
1797 1427 2059 1476 Miraberis
2078 1430 2135 1477 in

367 1487 464 1539 isto
486 1491 678 1554 ECtypo
704 1491 956 1543 vanitatis,
983 1485 1281 1552 stupendam
1303 1488 1514 1537 humani
1533 1490 1776 1554 Corporis
1804 1489 2063 1545 fabricam,
2079 1494 2132 1542 δε

118 1558 329 1616 zalepart·
366 1552 615 1615 &quidem
635 1553 697 1601 ad
719 1554 953 1616 Stagiritae
974 1553 1173 1615 adagia,
1202 1551 1428 1610 insingulia
1453 1565 1613 1599 naturae
1639 1551 1833 1612 operibus
1860 1555 2040 1599 Numen
2065 1557 2131 1600 in-

116 1620 291 1665 animal.
366 1615 510 1671 ‹.⁰st,in
542 1617 774 1665 humano
792 1617 1056 1680 Corpore,
1080 1616 1231 1664 veluti
1261 1614 1436 1664 divino
1457 1614 1612 1666 solio,
1638 1615 1762 1664 illud
1790 1615 2022 1665 fateberis
2053 1632 2131 1666 re-

115 1699 152 1727 c.
173 1694 218 1738 7.
362 1679 638 1744 splendere.
698 1678 928 1728 Phidiam
949 1675 1354 1740 novinms,quod
1373 1690 1545 1742 praetcr
1558 1679 1886 1741 Sculptorum
1907 1695 2130 1735 morem,

360 1759 476 1792 non
496 1758 552 1790 ex
574 1741 797 1807 apposita
815 1742 1112 1806 syngrapha3
1132 1742 1306 1787 Phidias
1315 1740 1513 1800 sculpfit:
1536 1740 1618 1788 scd
1640 1756 1695 1788 ex
1719 1740 1905 1797 artificii
1931 1742 2128 1806 elegan-

361 1809 431 1855 tia
457 1806 678 1870 dignosci
701 1807 945 1859 voluerit,
969 1803 1078 1853 imo
1104 1805 1345 1868 potuerit:
1382 1820 1503 1853 nam
1522 1804 1836 1853 Tertulliano
1856 1803 1889 1852 fi
1908 1803 2058 1860 fides,
2076 1809 2131 1855 in

362 1871 508 1927 Jovis
533 1870 792 1933 Olympici
810 1871 979 1917 Statua
1007 1869 1166 1914 Phidiae
1188 1866 1366 1924 artifici&
1386 1883 1532 1913 manus
1548 1865 1851 1914 adorabantur.
1921 1869 2128 1918 Meliori

364 1936 471 1989 jure
485 1933 587 1982 hoc
600 1933 921 1997 intelligimus
946 1932 1007 1980 de
1022 1932 1215 1980 Divino
1230 1929 1466 1980 Artifice:
1502 1929 1796 1979 Authorem
1819 1930 1887 1979 sat
1905 1931 2133 1995 loquitur
2173 1949 2175 1986 ξ

365 2011 524 2060 opus,
551 1996 651 2045 fine
671 1999 883 2045 nomine
907 1995 974 2043 fat
998 1994 1166 2059 prodit
1181 2009 1377 2043 nomen
1395 1997 1446 2044 ὅ(
1468 1996 1697 2043 Numen.
1764 1993 1878 2043 Nec
1899 1994 1984 2059 ipsi
1997 1995 2128 2045 Stoi-
2171 1991 2175 2096 j

366 2064 412 2109 ci
437 2057 580 2108 fuere
601 2057 732 2109 adeo
755 2056 922 2113 stoici,
946 2071 1001 2108 ut
1021 2059 1247 2123 corporis
1276 2057 1517 2106 fabricam
1540 2071 1649 2105 non
1679 2055 1936 2112 sentirent,
1954 2070 2054 2119 opus
2070 2058 2128 2116 esi
2171 2098 2175 2116 ,

355 2124 592 2182 seDivinae
603 2124 802 2170 Solertiae.
873 2122 988 2186 Age
1010 2123 1171 2170 enim:
1209 2121 1328 2184 quid
1350 2123 1400 2168 in
1423 2120 1653 2168 humano
1673 2129 1890 2184 corpore
1911 2136 2020 2170 non
2041 2137 2143 2185 nes

300 2185 305 2191 ’
365 2184 655 2236 cess'arium?
690 2186 811 2248 quid
831 2185 1163 2251 superfluum?
1214 2182 1323 2234 imo
1349 2184 1470 2247 quid
1489 2199 1599 2232 non
1623 2180 1924 2248 stupendum
1942 2185 2022 2234 vel
2041 2184 2125 2235 ad·

365 2248 686 2300 mirandum?
707 2265 887 2298 omnes
908 2261 1067 2314 partes
1085 2247 1295 2297 artificio
1320 2261 1463 2296 tanto
1488 2246 1742 2311 dispositae,
1766 2246 1964 2301 utnihil
1988 2250 2124 2311 inge-
2148 2295 2153 2298 .

367 2311 579 2364 niosius:
617 2315 683 2359 ita
704 2309 985 2374 symetrice,
1009 2325 1062 2361 ut
1082 2312 1201 2361 nihil
1225 2311 1523 2360 formofius:
1558 2314 1623 2359 ita
1643 2311 1904 2374 sapienter,
1929 2324 1984 2360 ut
1998 2312 2123 2361 nihil

368 2379 526 2441 aptius
549 2375 668 2440 fingi
693 2388 841 2437 queat
863 2376 926 2424 ad
946 2376 1128 2430 finem,
1148 2379 1227 2425 cui
1254 2391 1361 2439 pars
1388 2374 1619 2438 quaelibet
1641 2370 1924 2422 destinatur.
2025 2376 2123 2424 Ar-
2134 2398 2146 2437 ς

369 2442 588 2491 chiatros
609 2441 887 2500 interroga,
912 2440 1177 2497 Medicinae
1197 2441 1461 2504 Principes,
1486 2437 1724 2489 Galenos‚
1748 2441 1796 2488 ὅ(
1818 2440 1870 2486 in
1888 2437 2121 2489 humano
2162 2439 2168 2484 l

331 2562 333 2565 .
365 2518 586 2568 corpore
607 2503 773 2551 dicent
791 2502 867 2549 sex
893 2504 1237 2553 musculorum
1265 2504 1508 2551 centurias
1529 2503 1753 2564 reperiri,
1776 2516 1999 2564 quorum
2028 2502 2121 2551 sin-

361 2569 470 2635 guli
490 2568 670 2620 decem
699 2564 847 2623 fine-52
876 2566 1144 2622 universim
1173 2567 1319 2621 sexies
1345 2566 1523 2619 millies
1553 2564 1910 2632 multiplicatos
1940 2581 2122 2615 nume·
2159 2558 2166 2615 Ι

334 2673 372 2749 ,ἰ
483 2661 485 2663 ·
1382 2648 1386 2652 ’
1914 2642 2052 2684 rant:
2092 2691 2098 2694 ,

2166 2350 2169 2388 l
