<?xml version="1.0" encoding="UTF-8"?>
<!DOCTYPE html PUBLIC "-//W3C//DTD XHTML 1.0 Transitional//EN"
    "http://www.w3.org/TR/xhtml1/DTD/xhtml1-transitional.dtd">
<html xmlns="http://www.w3.org/1999/xhtml" xml:lang="en" lang="en">
 <head>
  <title>
</title>
<meta http-equiv="Content-Type" content="text/html;charset=utf-8" />
  <meta name='ocr-system' content='tesseract 3.04.00' />
  <meta name='ocr-capabilities' content='ocr_page ocr_carea ocr_par ocr_line ocrx_word'/>
</head>
<body>
  <div class='ocr_page' id='page_1' title='image "./nostritemporisph00schw/nostritemporisph00schw_0467.png"; bbox 0 0 2175 2911; ppageno 0'>
   <div class='ocr_carea' id='block_1_1' title="bbox 703 118 1719 180">
    <p class='ocr_par' dir='ltr' id='par_1_1' title="bbox 703 118 1719 180">
     <span class='ocr_line' id='line_1_1' title="bbox 703 118 1719 180; baseline -0.001 -11"><span class='ocrx_word' id='word_1_1' title='bbox 703 119 908 169; x_wconf 66' lang='lat' dir='ltr'>Ariadne</span> <span class='ocrx_word' id='word_1_2' title='bbox 933 118 1123 180; x_wconf 80' lang='lat' dir='ltr'><em>Physica.</em></span> <span class='ocrx_word' id='word_1_3' title='bbox 1631 127 1719 179; x_wconf 83' lang='lat'>175</span> 
     </span>
    </p>
   </div>
   <div class='ocr_carea' id='block_1_2' title="bbox 0 207 2043 2471">
    <p class='ocr_par' dir='ltr' id='par_1_2' title="bbox 0 207 2043 2471">
     <span class='ocr_line' id='line_1_2' title="bbox 44 207 1788 276; baseline -0.008 -12"><span class='ocrx_word' id='word_1_4' title='bbox 44 210 213 264; x_wconf 75' lang='lat' dir='ltr'>modo</span> <span class='ocrx_word' id='word_1_5' title='bbox 235 209 713 276; x_wconf 78' lang='lat' dir='ltr'>non&#39;extinguuntur</span> <span class='ocrx_word' id='word_1_6' title='bbox 733 208 794 258; x_wconf 91' lang='lat' dir='ltr'>ab</span> <span class='ocrx_word' id='word_1_7' title='bbox 815 207 959 259; x_wconf 88' lang='lat' dir='ltr'>undis</span> <span class='ocrx_word' id='word_1_8' title='bbox 972 241 985 263; x_wconf 89' lang='lat'>,</span> <span class='ocrx_word' id='word_1_9' title='bbox 1008 209 1088 258; x_wconf 89' lang='lat' dir='ltr'>secl</span> <span class='ocrx_word' id='word_1_10' title='bbox 1110 210 1164 268; x_wconf 79' lang='lat' dir='ltr'>ijs</span> <span class='ocrx_word' id='word_1_11' title='bbox 1189 210 1353 268; x_wconf 71' lang='lat' dir='ltr'>potius</span> <span class='ocrx_word' id='word_1_12' title='bbox 1368 215 1676 264; x_wconf 83' lang='lat' dir='ltr'>nutriuntur:</span> <span class='ocrx_word' id='word_1_13' title='bbox 1692 208 1788 261; x_wconf 69' lang='lat' dir='ltr'>no-</span> 
     </span>
     <span class='ocr_line' id='line_1_3' title="bbox 47 272 1789 341; baseline -0.002 -15"><span class='ocrx_word' id='word_1_14' title='bbox 47 289 163 326; x_wconf 91' lang='lat' dir='ltr'>runt</span> <span class='ocrx_word' id='word_1_15' title='bbox 182 277 285 326; x_wconf 83' lang='lat' dir='ltr'>haec</span> <span class='ocrx_word' id='word_1_16' title='bbox 307 273 656 340; x_wconf 82' lang='lat' dir='ltr'>Pyroteclmici</span> <span class='ocrx_word' id='word_1_17' title='bbox 681 306 693 327; x_wconf 90' lang='lat'>,</span> <span class='ocrx_word' id='word_1_18' title='bbox 724 274 810 336; x_wconf 89' lang='lat' dir='ltr'>qui</span> <span class='ocrx_word' id='word_1_19' title='bbox 842 274 894 321; x_wconf 92' lang='lat' dir='ltr'>in</span> <span class='ocrx_word' id='word_1_20' title='bbox 920 272 1278 324; x_wconf 78' lang='lat' dir='ltr'>Vulcanalibus</span> <span class='ocrx_word' id='word_1_21' title='bbox 1310 278 1473 341; x_wconf 86' lang='lat' dir='ltr'>Orgijs</span> <span class='ocrx_word' id='word_1_22' title='bbox 1498 309 1512 330; x_wconf 89' lang='lat'>,</span> <span class='ocrx_word' id='word_1_23' title='bbox 1551 274 1789 324; x_wconf 87' lang='lat' dir='ltr'>artificiali</span> 
     </span>
     <span class='ocr_line' id='line_1_4' title="bbox 45 333 1790 404; baseline -0.002 -15"><span class='ocrx_word' id='word_1_24' title='bbox 45 339 309 404; x_wconf 81' lang='lat' dir='ltr'>splendore</span> <span class='ocrx_word' id='word_1_25' title='bbox 332 353 482 400; x_wconf 87' lang='lat' dir='ltr'>aquas</span> <span class='ocrx_word' id='word_1_26' title='bbox 504 333 744 385; x_wconf 89' lang='lat' dir='ltr'>illustrant</span> <span class='ocrx_word' id='word_1_27' title='bbox 764 369 777 389; x_wconf 88' lang='lat'>‚</span> <span class='ocrx_word' id='word_1_28' title='bbox 807 335 929 384; x_wconf 90' lang='lat' dir='ltr'>dum</span> <span class='ocrx_word' id='word_1_29' title='bbox 958 335 1222 386; x_wconf 85' lang='lat' dir='ltr'>Paradoxo</span> <span class='ocrx_word' id='word_1_30' title='bbox 1253 339 1518 388; x_wconf 84' lang='lat' dir='ltr'>connubio</span> <span class='ocrx_word' id='word_1_31' title='bbox 1543 338 1790 387; x_wconf 85' lang='lat' dir='ltr'>Mulcibe-</span> 
     </span>
     <span class='ocr_line' id='line_1_5' title="bbox 46 395 1795 465; baseline -0.002 -13"><span class='ocrx_word' id='word_1_32' title='bbox 46 419 160 452; x_wconf 88' lang='lat' dir='ltr'>rum</span> <span class='ocrx_word' id='word_1_33' title='bbox 184 402 385 452; x_wconf 86' lang='lat' dir='ltr'>Thetidi</span> <span class='ocrx_word' id='word_1_34' title='bbox 407 400 647 465; x_wconf 90' lang='lat' dir='ltr'>copulant</span> <span class='ocrx_word' id='word_1_35' title='bbox 665 433 679 454; x_wconf 90' lang='lat'>,</span> <span class='ocrx_word' id='word_1_36' title='bbox 707 395 1081 463; x_wconf 88' lang='lat' dir='ltr'>obstupescente</span> <span class='ocrx_word' id='word_1_37' title='bbox 1108 400 1371 465; x_wconf 86' lang='lat' dir='ltr'><strong>Neptuno.</strong></span> <span class='ocrx_word' id='word_1_38' title='bbox 1440 403 1556 451; x_wconf 92' lang='lat' dir='ltr'>Huc</span> <span class='ocrx_word' id='word_1_39' title='bbox 1583 414 1795 463; x_wconf 83' lang='lat' dir='ltr'>quoque</span> 
     </span>
     <span class='ocr_line' id='line_1_6' title="bbox 0 458 1793 530; baseline -0.002 -15"><span class='ocrx_word' id='word_1_40' title='bbox 0 474 1 526; x_wconf 48' lang='grc' dir='ltr'>ζ</span> <span class='ocrx_word' id='word_1_41' title='bbox 48 469 264 530; x_wconf 82' lang='lat' dir='ltr'>pertinet</span> <span class='ocrx_word' id='word_1_42' title='bbox 281 463 499 518; x_wconf 85' lang='lat' dir='ltr'>Asbeston‚</span> <span class='ocrx_word' id='word_1_43' title='bbox 523 458 549 512; x_wconf 83' lang='grc' dir='ltr'>ὲ</span> <span class='ocrx_word' id='word_1_44' title='bbox 569 478 679 526; x_wconf 90' lang='lat' dir='ltr'>quo</span> <span class='ocrx_word' id='word_1_45' title='bbox 699 463 797 511; x_wconf 90' lang='lat' dir='ltr'>Ars</span> <span class='ocrx_word' id='word_1_46' title='bbox 819 461 936 510; x_wconf 86' lang='lat' dir='ltr'>facit</span> <span class='ocrx_word' id='word_1_47' title='bbox 958 459 1201 523; x_wconf 83' lang='lat' dir='ltr'>elychnia,</span> <span class='ocrx_word' id='word_1_48' title='bbox 1221 465 1366 514; x_wconf 90' lang='lat' dir='ltr'>nullo</span> <span class='ocrx_word' id='word_1_49' title='bbox 1384 467 1500 529; x_wconf 85' lang='lat' dir='ltr'>igne</span> <span class='ocrx_word' id='word_1_50' title='bbox 1521 460 1793 514; x_wconf 88' lang='lat' dir='ltr'>combusti-</span> 
     </span>
     <span class='ocr_line' id='line_1_7' title="bbox 49 523 1795 592; baseline -0.002 -13"><span class='ocrx_word' id='word_1_51' title='bbox 49 531 190 582; x_wconf 67' lang='lat' dir='ltr'>bilia,</span> <span class='ocrx_word' id='word_1_52' title='bbox 214 526 241 578; x_wconf 83' lang='grc' dir='ltr'>ὲ</span> <span class='ocrx_word' id='word_1_53' title='bbox 264 543 370 592; x_wconf 90' lang='lat' dir='ltr'>quo</span> <span class='ocrx_word' id='word_1_54' title='bbox 392 526 582 576; x_wconf 88' lang='lat' dir='ltr'>chartas</span> <span class='ocrx_word' id='word_1_55' title='bbox 598 559 611 581; x_wconf 89' lang='lat'>,</span> <span class='ocrx_word' id='word_1_56' title='bbox 634 529 685 576; x_wconf 71' lang='grc' dir='ltr'>ὃς</span> <span class='ocrx_word' id='word_1_57' title='bbox 716 526 865 574; x_wconf 90' lang='lat' dir='ltr'>lintea</span> <span class='ocrx_word' id='word_1_58' title='bbox 888 523 1120 573; x_wconf 64' lang='lat' dir='ltr'>confecta</span> <span class='ocrx_word' id='word_1_59' title='bbox 1146 527 1413 582; x_wconf 82' lang='lat' dir='ltr'>miramur,</span> <span class='ocrx_word' id='word_1_60' title='bbox 1434 543 1544 590; x_wconf 86' lang='lat' dir='ltr'>quae</span> <span class='ocrx_word' id='word_1_61' title='bbox 1569 543 1678 577; x_wconf 87' lang='lat' dir='ltr'>non</span> <span class='ocrx_word' id='word_1_62' title='bbox 1707 524 1795 576; x_wconf 79' lang='lat' dir='ltr'>nisi</span> 
     </span>
     <span class='ocr_line' id='line_1_8' title="bbox 0 586 1793 656; baseline -0.003 -14"><span class='ocrx_word' id='word_1_63' title='bbox 0 610 2 648; x_wconf 67' lang='grc' dir='ltr'>ῑ</span> <span class='ocrx_word' id='word_1_64' title='bbox 49 591 78 642; x_wconf 72' lang='grc' dir='ltr'>ὲ</span> <span class='ocrx_word' id='word_1_65' title='bbox 109 590 377 656; x_wconf 88' lang='lat' dir='ltr'>fuliginoso</span> <span class='ocrx_word' id='word_1_66' title='bbox 405 602 609 655; x_wconf 84' lang='lat' dir='ltr'>purgata</span> <span class='ocrx_word' id='word_1_67' title='bbox 631 588 918 638; x_wconf 89' lang='lat' dir='ltr'>Mulcibero</span> <span class='ocrx_word' id='word_1_68' title='bbox 938 621 952 643; x_wconf 92' lang='lat'>,</span> <span class='ocrx_word' id='word_1_69' title='bbox 982 586 1191 637; x_wconf 88' lang='lat' dir='ltr'>candori</span> <span class='ocrx_word' id='word_1_70' title='bbox 1222 587 1428 653; x_wconf 90' lang='lat' dir='ltr'>pristino</span> <span class='ocrx_word' id='word_1_71' title='bbox 1455 588 1793 639; x_wconf 89' lang='lat' dir='ltr'>restituuntur.</span> 
     </span>
     <span class='ocr_line' id='line_1_9' title="bbox 0 650 1798 719; baseline -0.001 -19"><span class='ocrx_word' id='word_1_72' title='bbox 0 657 3 700; x_wconf 69' lang='grc' dir='ltr'><em>ἓ</em></span> <span class='ocrx_word' id='word_1_73' title='bbox 48 657 209 712; x_wconf 82' lang='lat' dir='ltr'>Hujus</span> <span class='ocrx_word' id='word_1_74' title='bbox 233 654 588 719; x_wconf 80' lang='lat' dir='ltr'>privilegiatam</span> <span class='ocrx_word' id='word_1_75' title='bbox 619 654 855 700; x_wconf 88' lang='lat' dir='ltr'>virtutem</span> <span class='ocrx_word' id='word_1_76' title='bbox 884 650 1221 715; x_wconf 83' lang='lat' dir='ltr'>homogcneae</span> <span class='ocrx_word' id='word_1_77' title='bbox 1249 651 1544 716; x_wconf 77' lang='lat' dir='ltr'>simplicitati</span> <span class='ocrx_word' id='word_1_78' title='bbox 1573 653 1798 702; x_wconf 87' lang='lat' dir='ltr'>adscribit</span> 
     </span>
     <span class='ocr_line' id='line_1_10' title="bbox 49 714 1797 783; baseline -0.003 -15"><span class='ocrx_word' id='word_1_79' title='bbox 49 719 277 783; x_wconf 61' lang='lat' dir='ltr'>Physica:</span> <span class='ocrx_word' id='word_1_80' title='bbox 315 733 433 764; x_wconf 91' lang='lat' dir='ltr'>nam</span> <span class='ocrx_word' id='word_1_81' title='bbox 456 718 578 779; x_wconf 85' lang='lat' dir='ltr'>ignis</span> <span class='ocrx_word' id='word_1_82' title='bbox 600 715 790 778; x_wconf 79' lang='lat' dir='ltr'>colligit</span> <span class='ocrx_word' id='word_1_83' title='bbox 820 714 1146 778; x_wconf 81' lang='lat' dir='ltr'>homogenea</span> <span class='ocrx_word' id='word_1_84' title='bbox 1162 747 1175 767; x_wconf 80' lang='lat'>‚</span> <span class='ocrx_word' id='word_1_85' title='bbox 1197 718 1247 764; x_wconf 71' lang='lat' dir='ltr'>&lt;Sc</span> <span class='ocrx_word' id='word_1_86' title='bbox 1273 715 1612 779; x_wconf 84' lang='lat' dir='ltr'>heterogcnea</span> <span class='ocrx_word' id='word_1_87' title='bbox 1635 715 1797 765; x_wconf 84' lang='lat' dir='ltr'>diffol-</span> 
     </span>
     <span class='ocr_line' id='line_1_11' title="bbox 51 773 1799 843; baseline -0.002 -14"><span class='ocrx_word' id='word_1_88' title='bbox 51 784 149 832; x_wconf 89' lang='lat' dir='ltr'>vit:</span> <span class='ocrx_word' id='word_1_89' title='bbox 187 797 295 843; x_wconf 87' lang='lat' dir='ltr'>quae</span> <span class='ocrx_word' id='word_1_90' title='bbox 322 778 440 827; x_wconf 77' lang='lat' dir='ltr'>cum</span> <span class='ocrx_word' id='word_1_91' title='bbox 460 781 511 825; x_wconf 90' lang='lat' dir='ltr'>in</span> <span class='ocrx_word' id='word_1_92' title='bbox 531 773 751 826; x_wconf 84' lang='lat' dir='ltr'>Asbesto</span> <span class='ocrx_word' id='word_1_93' title='bbox 774 793 882 825; x_wconf 89' lang='lat' dir='ltr'>non</span> <span class='ocrx_word' id='word_1_94' title='bbox 898 779 1106 830; x_wconf 87' lang='lat' dir='ltr'>invenit,</span> <span class='ocrx_word' id='word_1_95' title='bbox 1128 777 1294 826; x_wconf 88' lang='lat' dir='ltr'>eidem</span> <span class='ocrx_word' id='word_1_96' title='bbox 1315 778 1458 826; x_wconf 82' lang='lat' dir='ltr'>servit</span> <span class='ocrx_word' id='word_1_97' title='bbox 1478 780 1799 827; x_wconf 88' lang='lat' dir='ltr'>emolumen-</span> 
     </span>
     <span class='ocr_line' id='line_1_12' title="bbox 49 839 1801 910; baseline -0.002 -18"><span class='ocrx_word' id='word_1_98' title='bbox 49 857 108 894; x_wconf 82' lang='lat' dir='ltr'>to</span> <span class='ocrx_word' id='word_1_99' title='bbox 136 842 327 910; x_wconf 77' lang='lat' dir='ltr'>potius,</span> <span class='ocrx_word' id='word_1_100' title='bbox 351 839 506 902; x_wconf 79' lang='lat' dir='ltr'>quam</span> <span class='ocrx_word' id='word_1_101' title='bbox 532 840 854 888; x_wconf 89' lang='lat' dir='ltr'>detrimento.</span> <span class='ocrx_word' id='word_1_102' title='bbox 921 842 991 888; x_wconf 87' lang='lat' dir='ltr'>Ex</span> <span class='ocrx_word' id='word_1_103' title='bbox 1013 841 1260 889; x_wconf 88' lang='lat' dir='ltr'>bitumine</span> <span class='ocrx_word' id='word_1_104' title='bbox 1278 841 1508 894; x_wconf 88' lang='lat' dir='ltr'>demum,</span> <span class='ocrx_word' id='word_1_105' title='bbox 1535 845 1585 891; x_wconf 69' lang='grc' dir='ltr'>ὅ(</span> <span class='ocrx_word' id='word_1_106' title='bbox 1606 841 1801 906; x_wconf 87' lang='lat' dir='ltr'>sulphu-</span> 
     </span>
     <span class='ocr_line' id='line_1_13' title="bbox 2 899 1802 968; baseline -0.006 -11"><span class='ocrx_word' id='word_1_107' title='bbox 2 916 6 960; x_wconf 71' lang='grc' dir='ltr'>ἱ</span> <span class='ocrx_word' id='word_1_108' title='bbox 48 924 103 957; x_wconf 89' lang='lat' dir='ltr'>re</span> <span class='ocrx_word' id='word_1_109' title='bbox 124 908 322 955; x_wconf 83' lang='lat' dir='ltr'>aluntur</span> <span class='ocrx_word' id='word_1_110' title='bbox 350 899 661 966; x_wconf 78' lang='lat' dir='ltr'>potissimum</span> <span class='ocrx_word' id='word_1_111' title='bbox 684 901 983 951; x_wconf 87' lang='lat' dir='ltr'>subterranei</span> <span class='ocrx_word' id='word_1_112' title='bbox 1013 906 1178 968; x_wconf 88' lang='lat' dir='ltr'>ignes,</span> <span class='ocrx_word' id='word_1_113' title='bbox 1203 907 1287 967; x_wconf 88' lang='lat' dir='ltr'>qui</span> <span class='ocrx_word' id='word_1_114' title='bbox 1311 918 1399 968; x_wconf 90' lang='lat' dir='ltr'>per</span> <span class='ocrx_word' id='word_1_115' title='bbox 1420 904 1674 957; x_wconf 77' lang='lat' dir='ltr'>Vulcanios,</span> <span class='ocrx_word' id='word_1_116' title='bbox 1694 905 1802 961; x_wconf 78' lang='lat' dir='ltr'>igni-</span> 
     </span>
     <span class='ocr_line' id='line_1_14' title="bbox 3 965 1800 1030; baseline -0.003 -14"><span class='ocrx_word' id='word_1_117' title='bbox 3 970 7 1028; x_wconf 47' lang='grc' dir='ltr'>ξ</span> <span class='ocrx_word' id='word_1_118' title='bbox 46 966 273 1030; x_wconf 67' lang='grc' dir='ltr'>νοηιόςεμιε</span> <span class='ocrx_word' id='word_1_119' title='bbox 291 977 474 1015; x_wconf 76' lang='lat' dir='ltr'>montes,</span> <span class='ocrx_word' id='word_1_120' title='bbox 498 965 638 1013; x_wconf 89' lang='lat' dir='ltr'>velut</span> <span class='ocrx_word' id='word_1_121' title='bbox 667 979 753 1029; x_wconf 87' lang='lat' dir='ltr'>per</span> <span class='ocrx_word' id='word_1_122' title='bbox 772 965 988 1015; x_wconf 89' lang='lat' dir='ltr'>totidem</span> <span class='ocrx_word' id='word_1_123' title='bbox 1011 971 1240 1016; x_wconf 88' lang='lat' dir='ltr'>caminos</span> <span class='ocrx_word' id='word_1_124' title='bbox 1254 968 1478 1030; x_wconf 87' lang='lat' dir='ltr'>Stygios,</span> <span class='ocrx_word' id='word_1_125' title='bbox 1494 965 1800 1015; x_wconf 83' lang='lat' dir='ltr'>exhalantur.</span> 
     </span>
     <span class='ocr_line' id='line_1_15' title="bbox 0 1027 1804 1096; baseline -0.003 -15"><span class='ocrx_word' id='word_1_126' title='bbox 0 1032 6 1096; x_wconf 69' lang='grc' dir='ltr'>,ξ</span> <span class='ocrx_word' id='word_1_127' title='bbox 48 1029 310 1089; x_wconf 81' lang='lat' dir='ltr'>Eiusmodi</span> <span class='ocrx_word' id='word_1_128' title='bbox 328 1030 442 1076; x_wconf 84' lang='lat' dir='ltr'>viva</span> <span class='ocrx_word' id='word_1_129' title='bbox 462 1027 651 1076; x_wconf 81' lang='lat' dir='ltr'>Inferni</span> <span class='ocrx_word' id='word_1_130' title='bbox 678 1027 903 1090; x_wconf 86' lang='lat' dir='ltr'>symbola</span> <span class='ocrx_word' id='word_1_131' title='bbox 919 1061 933 1082; x_wconf 94' lang='lat'>,</span> <span class='ocrx_word' id='word_1_132' title='bbox 952 1042 1069 1078; x_wconf 92' lang='lat' dir='ltr'>toto</span> <span class='ocrx_word' id='word_1_133' title='bbox 1092 1031 1262 1084; x_wconf 88' lang='lat' dir='ltr'>Orbe,</span> <span class='ocrx_word' id='word_1_134' title='bbox 1291 1029 1505 1093; x_wconf 78' lang='lat' dir='ltr'>dispersit</span> <span class='ocrx_word' id='word_1_135' title='bbox 1528 1027 1804 1094; x_wconf 85' lang='lat' dir='ltr'>providum</span> 
     </span>
     <span class='ocr_line' id='line_1_16' title="bbox 47 1090 1804 1154; baseline -0.003 -10.156"><span class='ocrx_word' id='word_1_136' title='bbox 47 1099 262 1147; x_wconf 87' lang='lat' dir='ltr'>Numen</span> <span class='ocrx_word' id='word_1_137' title='bbox 278 1125 290 1146; x_wconf 90' lang='lat'>,</span> <span class='ocrx_word' id='word_1_138' title='bbox 314 1092 436 1139; x_wconf 87' lang='lat' dir='ltr'>utin</span> <span class='ocrx_word' id='word_1_139' title='bbox 456 1090 659 1140; x_wconf 86' lang='lat' dir='ltr'>illorum</span> <span class='ocrx_word' id='word_1_140' title='bbox 679 1090 971 1154; x_wconf 63' lang='lat' dir='ltr'>conspectu,</span> <span class='ocrx_word' id='word_1_141' title='bbox 999 1108 1094 1140; x_wconf 90' lang='lat' dir='ltr'>nos</span> <span class='ocrx_word' id='word_1_142' title='bbox 1115 1104 1294 1140; x_wconf 86' lang='lat' dir='ltr'>terreat</span> <span class='ocrx_word' id='word_1_143' title='bbox 1313 1092 1501 1141; x_wconf 85' lang='lat' dir='ltr'>Inferni</span> <span class='ocrx_word' id='word_1_144' title='bbox 1515 1091 1710 1145; x_wconf 87' lang='lat' dir='ltr'>umbra,</span> <span class='ocrx_word' id='word_1_145' title='bbox 1738 1104 1804 1138; x_wconf 84' lang='lat' dir='ltr'>ne</span> 
     </span>
     <span class='ocr_line' id='line_1_17' title="bbox 4 1153 1948 1219; baseline -0.005 -10"><span class='ocrx_word' id='word_1_146' title='bbox 4 1178 8 1215; x_wconf 66' lang='lat' dir='ltr'>l</span> <span class='ocrx_word' id='word_1_147' title='bbox 51 1160 252 1208; x_wconf 84' lang='lat' dir='ltr'>umbras</span> <span class='ocrx_word' id='word_1_148' title='bbox 277 1170 371 1203; x_wconf 84' lang='lat' dir='ltr'>nos</span> <span class='ocrx_word' id='word_1_149' title='bbox 397 1153 660 1216; x_wconf 82' lang='lat' dir='ltr'>quondam</span> <span class='ocrx_word' id='word_1_150' title='bbox 685 1165 872 1202; x_wconf 86' lang='lat' dir='ltr'>torreat</span> <span class='ocrx_word' id='word_1_151' title='bbox 884 1154 1125 1205; x_wconf 83' lang='lat' dir='ltr'>Infernus.</span> <span class='ocrx_word' id='word_1_152' title='bbox 1203 1156 1286 1204; x_wconf 89' lang='lat' dir='ltr'>De</span> <span class='ocrx_word' id='word_1_153' title='bbox 1307 1153 1516 1209; x_wconf 86' lang='lat' dir='ltr'>AEthna,</span> <span class='ocrx_word' id='word_1_154' title='bbox 1533 1157 1804 1219; x_wconf 86' lang='lat' dir='ltr'>ignivomo</span> <span class='ocrx_word' id='word_1_155' title='bbox 1919 1203 1948 1219; x_wconf 50' lang='grc' dir='ltr'><strong>Η</strong></span> 
     </span>
     <span class='ocr_line' id='line_1_18' title="bbox 51 1208 2043 1281; baseline -0.004 -9.225"><span class='ocrx_word' id='word_1_156' title='bbox 51 1224 142 1274; x_wconf 91' lang='lat' dir='ltr'>illo</span> <span class='ocrx_word' id='word_1_157' title='bbox 162 1220 333 1270; x_wconf 85' lang='lat' dir='ltr'>Siciliae</span> <span class='ocrx_word' id='word_1_158' title='bbox 357 1228 561 1270; x_wconf 90' lang='lat' dir='ltr'>monte,</span> <span class='ocrx_word' id='word_1_159' title='bbox 587 1220 652 1265; x_wconf 88' lang='lat' dir='ltr'>ita</span> <span class='ocrx_word' id='word_1_160' title='bbox 674 1216 824 1265; x_wconf 81' lang='lat' dir='ltr'>habet</span> <span class='ocrx_word' id='word_1_161' title='bbox 847 1217 1091 1268; x_wconf 87' lang='lat' dir='ltr'>Pererius:</span> <span class='ocrx_word' id='word_1_162' title='bbox 1128 1217 1238 1281; x_wconf 71' lang='lat' dir='ltr'>qubd</span> <span class='ocrx_word' id='word_1_163' title='bbox 1265 1220 1405 1265; x_wconf 78' lang='lat' dir='ltr'>dicam</span> <span class='ocrx_word' id='word_1_164' title='bbox 1424 1220 1476 1264; x_wconf 85' lang='lat' dir='ltr'>de</span> <span class='ocrx_word' id='word_1_165' title='bbox 1497 1219 1574 1265; x_wconf 83' lang='lat' dir='ltr'>hoc</span> <span class='ocrx_word' id='word_1_166' title='bbox 1594 1220 1804 1264; x_wconf 78' lang='lat' dir='ltr'>montium</span> <span class='ocrx_word' id='word_1_167' title='bbox 1855 1208 2043 1255; x_wconf 61' lang='lat' dir='ltr'>Commt-</span> 
     </span>
     <span class='ocr_line' id='line_1_19' title="bbox 0 1273 2014 1345; baseline -0.004 -14"><span class='ocrx_word' id='word_1_168' title='bbox 0 1297 9 1331; x_wconf 71' lang='lat' dir='ltr'>l*</span> <span class='ocrx_word' id='word_1_169' title='bbox 54 1284 272 1333; x_wconf 73' lang='lat' dir='ltr'>Miraculo</span> <span class='ocrx_word' id='word_1_170' title='bbox 294 1279 571 1339; x_wconf 73' lang='lat' dir='ltr'>nobiliffimo?</span> <span class='ocrx_word' id='word_1_171' title='bbox 615 1283 691 1341; x_wconf 74' lang='lat' dir='ltr'>qni</span> <span class='ocrx_word' id='word_1_172' title='bbox 718 1282 840 1325; x_wconf 76' lang='lat' dir='ltr'>ardet</span> <span class='ocrx_word' id='word_1_173' title='bbox 868 1280 1055 1326; x_wconf 56' lang='lat' dir='ltr'>nostibm</span> <span class='ocrx_word' id='word_1_174' title='bbox 1073 1281 1239 1342; x_wconf 81' lang='lat' dir='ltr'>semper</span> <span class='ocrx_word' id='word_1_175' title='bbox 1263 1314 1276 1335; x_wconf 86' lang='lat'>,</span> <span class='ocrx_word' id='word_1_176' title='bbox 1303 1279 1507 1345; x_wconf 76' lang='lat' dir='ltr'>tanto&#39;que</span> <span class='ocrx_word' id='word_1_177' title='bbox 1533 1298 1619 1328; x_wconf 78' lang='lat' dir='ltr'>aevo</span> <span class='ocrx_word' id='word_1_178' title='bbox 1640 1283 1802 1341; x_wconf 78' lang='lat' dir='ltr'>ignium</span> <span class='ocrx_word' id='word_1_179' title='bbox 1837 1278 1882 1323; x_wconf 83' lang='lat' dir='ltr'>in</span> <span class='ocrx_word' id='word_1_180' title='bbox 1894 1273 2014 1318; x_wconf 70' lang='lat' dir='ltr'><em>Dan·</em></span> 
     </span>
     <span class='ocr_line' id='line_1_20' title="bbox 0 1339 1927 1404; baseline 0.002 -16"><span class='ocrx_word' id='word_1_181' title='bbox 0 1369 9 1400; x_wconf 55' lang='grc' dir='ltr'>ιΞ</span> <span class='ocrx_word' id='word_1_182' title='bbox 54 1343 437 1403; x_wconf 68' lang='lat' dir='ltr'>maceriaefifficit?</span> <span class='ocrx_word' id='word_1_183' title='bbox 474 1344 527 1389; x_wconf 59' lang='grc' dir='ltr'>ἴθ’</span> <span class='ocrx_word' id='word_1_184' title='bbox 555 1354 604 1387; x_wconf 77' lang='lat' dir='ltr'>ut</span> <span class='ocrx_word' id='word_1_185' title='bbox 622 1342 758 1400; x_wconf 66' lang='lat' dir='ltr'>majus</span> <span class='ocrx_word' id='word_1_186' title='bbox 768 1342 828 1400; x_wconf 85' lang='lat' dir='ltr'>fit</span> <span class='ocrx_word' id='word_1_187' title='bbox 849 1344 1142 1394; x_wconf 76' lang='lat' dir='ltr'>Miracnlum‚</span> <span class='ocrx_word' id='word_1_188' title='bbox 1163 1346 1320 1391; x_wconf 73' lang='lat' dir='ltr'>nivalis·</span> <span class='ocrx_word' id='word_1_189' title='bbox 1342 1344 1396 1398; x_wconf 82' lang='lat' dir='ltr'>est</span> <span class='ocrx_word' id='word_1_190' title='bbox 1424 1344 1621 1404; x_wconf 84' lang='lat' dir='ltr'>hybernis</span> <span class='ocrx_word' id='word_1_191' title='bbox 1643 1355 1804 1404; x_wconf 83' lang='lat' dir='ltr'>tempo·</span> <span class='ocrx_word' id='word_1_192' title='bbox 1835 1339 1927 1394; x_wconf 86' lang='lat' dir='ltr'>l·4·</span> 
     </span>
     <span class='ocr_line' id='line_1_21' title="bbox 54 1405 1805 1469; baseline -0.003 -10"><span class='ocrx_word' id='word_1_193' title='bbox 54 1412 171 1460; x_wconf 67' lang='lat' dir='ltr'>ribm</span> <span class='ocrx_word' id='word_1_194' title='bbox 191 1446 204 1462; x_wconf 91' lang='lat'>,</span> <span class='ocrx_word' id='word_1_195' title='bbox 241 1405 498 1468; x_wconf 61' lang='lat' dir='ltr'>egestiimque</span> <span class='ocrx_word' id='word_1_196' title='bbox 526 1406 706 1451; x_wconf 75' lang='lat' dir='ltr'>cinerem</span> <span class='ocrx_word' id='word_1_197' title='bbox 747 1407 882 1464; x_wconf 78' lang='lat' dir='ltr'>operit</span> <span class='ocrx_word' id='word_1_198' title='bbox 896 1409 1078 1464; x_wconf 63' lang='lat' dir='ltr'>pruinis.</span> <span class='ocrx_word' id='word_1_199' title='bbox 1179 1408 1237 1455; x_wconf 90' lang='lat' dir='ltr'>In</span> <span class='ocrx_word' id='word_1_200' title='bbox 1265 1419 1445 1456; x_wconf 85' lang='lat' dir='ltr'>monte</span> <span class='ocrx_word' id='word_1_201' title='bbox 1465 1406 1732 1469; x_wconf 83' lang='lat' dir='ltr'>Chymaera</span> <span class='ocrx_word' id='word_1_202' title='bbox 1758 1421 1805 1454; x_wconf 88' lang='lat' dir='ltr'>e-</span> 
     </span>
     <span class='ocr_line' id='line_1_22' title="bbox 9 1465 1806 1538; baseline -0.004 -14"><span class='ocrx_word' id='word_1_203' title='bbox 9 1491 11 1496; x_wconf 92' lang='lat'>·</span> <span class='ocrx_word' id='word_1_204' title='bbox 53 1488 292 1538; x_wconf 86' lang='lat' dir='ltr'>rumpens</span> <span class='ocrx_word' id='word_1_205' title='bbox 311 1470 516 1525; x_wconf 83' lang='lat' dir='ltr'>flamma</span> <span class='ocrx_word' id='word_1_206' title='bbox 535 1469 831 1531; x_wconf 80' lang='lat' dir='ltr'>extinguitur</span> <span class='ocrx_word' id='word_1_207' title='bbox 849 1465 1035 1531; x_wconf 61' lang='lat' dir='ltr'>ingesta</span> <span class='ocrx_word' id='word_1_208' title='bbox 1050 1468 1389 1523; x_wconf 80' lang='lat' dir='ltr'>lmmo,affusa</span> <span class='ocrx_word' id='word_1_209' title='bbox 1404 1470 1608 1533; x_wconf 86' lang='lat' dir='ltr'>lympha</span> <span class='ocrx_word' id='word_1_210' title='bbox 1632 1484 1806 1517; x_wconf 85' lang='lat' dir='ltr'>accen-</span> 
     </span>
     <span class='ocr_line' id='line_1_23' title="bbox 55 1530 1806 1596; baseline -0.004 -9.179"><span class='ocrx_word' id='word_1_211' title='bbox 55 1539 204 1588; x_wconf 90' lang='lat' dir='ltr'>ditur.</span> <span class='ocrx_word' id='word_1_212' title='bbox 304 1533 460 1583; x_wconf 87' lang='lat' dir='ltr'>Hecla</span> <span class='ocrx_word' id='word_1_213' title='bbox 487 1546 637 1579; x_wconf 88' lang='lat' dir='ltr'>mons</span> <span class='ocrx_word' id='word_1_214' title='bbox 655 1531 884 1588; x_wconf 78' lang='lat' dir='ltr'>Jslandiae</span> <span class='ocrx_word' id='word_1_215' title='bbox 904 1534 1068 1580; x_wconf 86' lang='lat' dir='ltr'>vomit</span> <span class='ocrx_word' id='word_1_216' title='bbox 1087 1534 1256 1596; x_wconf 87' lang='lat' dir='ltr'>ignem</span> <span class='ocrx_word' id='word_1_217' title='bbox 1272 1565 1284 1586; x_wconf 95' lang='lat'>,</span> <span class='ocrx_word' id='word_1_218' title='bbox 1306 1533 1392 1595; x_wconf 86' lang='lat' dir='ltr'>qui</span> <span class='ocrx_word' id='word_1_219' title='bbox 1414 1547 1600 1594; x_wconf 74' lang='lat' dir='ltr'>aquam</span> <span class='ocrx_word' id='word_1_220' title='bbox 1629 1530 1806 1580; x_wconf 88' lang='lat' dir='ltr'>consu-</span> 
     </span>
     <span class='ocr_line' id='line_1_24' title="bbox 10 1591 1807 1668; baseline -0.006 -17"><span class='ocrx_word' id='word_1_221' title='bbox 10 1613 13 1668; x_wconf 69' lang='grc' dir='ltr'>ξ</span> <span class='ocrx_word' id='word_1_222' title='bbox 55 1605 176 1654; x_wconf 88' lang='lat' dir='ltr'>mit,</span> <span class='ocrx_word' id='word_1_223' title='bbox 197 1614 305 1648; x_wconf 90' lang='lat' dir='ltr'>non</span> <span class='ocrx_word' id='word_1_224' title='bbox 335 1592 460 1646; x_wconf 82' lang='lat' dir='ltr'>vero</span> <span class='ocrx_word' id='word_1_225' title='bbox 494 1591 704 1658; x_wconf 85' lang='lat' dir='ltr'>stupam.</span> <span class='ocrx_word' id='word_1_226' title='bbox 788 1596 844 1642; x_wconf 88' lang='lat' dir='ltr'>In</span> <span class='ocrx_word' id='word_1_227' title='bbox 866 1594 1113 1645; x_wconf 84' lang='lat' dir='ltr'>Bohemia</span> <span class='ocrx_word' id='word_1_228' title='bbox 1143 1612 1302 1661; x_wconf 88' lang='lat' dir='ltr'>prope</span> <span class='ocrx_word' id='word_1_229' title='bbox 1335 1595 1599 1661; x_wconf 86' lang='lat' dir='ltr'>Oppidum</span> <span class='ocrx_word' id='word_1_230' title='bbox 1618 1594 1807 1644; x_wconf 89' lang='lat' dir='ltr'>Mittel-</span> 
     </span>
     <span class='ocr_line' id='line_1_25' title="bbox 11 1657 1810 1722; baseline -0.007 -4"><span class='ocrx_word' id='word_1_231' title='bbox 11 1670 13 1718; x_wconf 61' lang='lat' dir='ltr'>i</span> <span class='ocrx_word' id='word_1_232' title='bbox 53 1663 220 1717; x_wconf 84' lang='lat' dir='ltr'>vvald,</span> <span class='ocrx_word' id='word_1_233' title='bbox 236 1662 459 1709; x_wconf 89' lang='lat' dir='ltr'>eminere</span> <span class='ocrx_word' id='word_1_234' title='bbox 477 1673 626 1706; x_wconf 86' lang='lat' dir='ltr'>mons</span> <span class='ocrx_word' id='word_1_235' title='bbox 651 1657 842 1712; x_wconf 86' lang='lat' dir='ltr'>dicitur,</span> <span class='ocrx_word' id='word_1_236' title='bbox 859 1658 994 1714; x_wconf 85' lang='lat' dir='ltr'>cujus</span> <span class='ocrx_word' id='word_1_237' title='bbox 1014 1659 1136 1708; x_wconf 87' lang='lat' dir='ltr'>latus</span> <span class='ocrx_word' id='word_1_238' title='bbox 1157 1675 1334 1714; x_wconf 90' lang='lat' dir='ltr'>unum,</span> <span class='ocrx_word' id='word_1_239' title='bbox 1351 1659 1545 1709; x_wconf 88' lang='lat' dir='ltr'>nivibus</span> <span class='ocrx_word' id='word_1_240' title='bbox 1562 1660 1682 1722; x_wconf 80' lang='lat' dir='ltr'>saepe</span> <span class='ocrx_word' id='word_1_241' title='bbox 1705 1658 1810 1721; x_wconf 90' lang='lat' dir='ltr'>ple-</span> 
     </span>
     <span class='ocr_line' id='line_1_26' title="bbox 53 1717 1809 1785; baseline -0.004 -7.183"><span class='ocrx_word' id='word_1_242' title='bbox 53 1725 307 1778; x_wconf 79' lang='lat' dir='ltr'>niffimum</span> <span class='ocrx_word' id='word_1_243' title='bbox 322 1756 334 1777; x_wconf 93' lang='lat'>,</span> <span class='ocrx_word' id='word_1_244' title='bbox 357 1721 483 1775; x_wconf 87' lang='lat' dir='ltr'>dum</span> <span class='ocrx_word' id='word_1_245' title='bbox 501 1721 713 1770; x_wconf 85' lang='lat' dir='ltr'>alterum</span> <span class='ocrx_word' id='word_1_246' title='bbox 733 1720 1074 1771; x_wconf 84' lang='lat' dir='ltr'>amoeniffimo</span> <span class='ocrx_word' id='word_1_247' title='bbox 1093 1724 1254 1777; x_wconf 91' lang='lat' dir='ltr'>Vere,</span> <span class='ocrx_word' id='word_1_248' title='bbox 1276 1721 1569 1785; x_wconf 81' lang='lat' dir='ltr'>florumque</span> <span class='ocrx_word' id='word_1_249' title='bbox 1596 1717 1705 1770; x_wconf 65' lang='lat' dir='ltr'>laeta</span> <span class='ocrx_word' id='word_1_250' title='bbox 1725 1736 1809 1770; x_wconf 88' lang='lat' dir='ltr'>va-</span> 
     </span>
     <span class='ocr_line' id='line_1_27' title="bbox 13 1780 1807 1852; baseline -0.004 -14"><span class='ocrx_word' id='word_1_251' title='bbox 13 1805 16 1852; x_wconf 65' lang='grc' dir='ltr'>ξ</span> <span class='ocrx_word' id='word_1_252' title='bbox 55 1794 226 1841; x_wconf 87' lang='lat' dir='ltr'>rietate</span> <span class='ocrx_word' id='word_1_253' title='bbox 252 1784 490 1852; x_wconf 87' lang='lat' dir='ltr'>superbit,</span> <span class='ocrx_word' id='word_1_254' title='bbox 512 1800 568 1832; x_wconf 89' lang='lat' dir='ltr'>ac</span> <span class='ocrx_word' id='word_1_255' title='bbox 585 1786 841 1849; x_wconf 77' lang='lat' dir='ltr'>gloriatur.</span> <span class='ocrx_word' id='word_1_256' title='bbox 911 1787 968 1834; x_wconf 91' lang='lat' dir='ltr'>In</span> <span class='ocrx_word' id='word_1_257' title='bbox 998 1787 1175 1835; x_wconf 86' lang='lat' dir='ltr'>cadem</span> <span class='ocrx_word' id='word_1_258' title='bbox 1199 1787 1406 1836; x_wconf 81' lang='lat' dir='ltr'>Islandia</span> <span class='ocrx_word' id='word_1_259' title='bbox 1417 1787 1627 1837; x_wconf 91' lang='lat' dir='ltr'>Montes</span> <span class='ocrx_word' id='word_1_260' title='bbox 1647 1780 1715 1832; x_wconf 87' lang='lat' dir='ltr'>est</span> <span class='ocrx_word' id='word_1_261' title='bbox 1735 1799 1807 1832; x_wconf 81' lang='lat' dir='ltr'>re-</span> 
     </span>
     <span class='ocr_line' id='line_1_28' title="bbox 0 1849 1807 1921; baseline -0.004 -19"><span class='ocrx_word' id='word_1_262' title='bbox 0 1859 16 1914; x_wconf 60' lang='grc' dir='ltr'>ξζζ</span> <span class='ocrx_word' id='word_1_263' title='bbox 56 1855 239 1921; x_wconf 86' lang='lat' dir='ltr'>perire,</span> <span class='ocrx_word' id='word_1_264' title='bbox 261 1864 481 1912; x_wconf 86' lang='lat' dir='ltr'>quorum</span> <span class='ocrx_word' id='word_1_265' title='bbox 505 1852 711 1898; x_wconf 80' lang='lat' dir='ltr'>vertices</span> <span class='ocrx_word' id='word_1_266' title='bbox 737 1852 981 1913; x_wconf 81' lang='lat' dir='ltr'>perpetuis</span> <span class='ocrx_word' id='word_1_267' title='bbox 1011 1851 1204 1898; x_wconf 81' lang='lat' dir='ltr'>nivibus</span> <span class='ocrx_word' id='word_1_268' title='bbox 1225 1852 1410 1915; x_wconf 81' lang='lat' dir='ltr'>rigent,</span> <span class='ocrx_word' id='word_1_269' title='bbox 1436 1851 1622 1899; x_wconf 82' lang='lat' dir='ltr'>radices</span> <span class='ocrx_word' id='word_1_270' title='bbox 1646 1849 1807 1896; x_wconf 85' lang='lat' dir='ltr'>conti-</span> 
     </span>
     <span class='ocr_line' id='line_1_29' title="bbox 0 1907 1806 1978; baseline -0.004 -11"><span class='ocrx_word' id='word_1_271' title='bbox 0 1907 11 1925; x_wconf 52' lang='lat'><strong>*</strong></span> <span class='ocrx_word' id='word_1_272' title='bbox 58 1919 169 1967; x_wconf 85' lang='lat' dir='ltr'>nuis</span> <span class='ocrx_word' id='word_1_273' title='bbox 202 1913 396 1978; x_wconf 84' lang='lat' dir='ltr'>ignibus</span> <span class='ocrx_word' id='word_1_274' title='bbox 433 1912 765 1960; x_wconf 81' lang='lat' dir='ltr'>exardescunt.</span> <span class='ocrx_word' id='word_1_275' title='bbox 866 1912 1041 1961; x_wconf 78' lang='lat' dir='ltr'>AEoliae</span> <span class='ocrx_word' id='word_1_276' title='bbox 1073 1915 1242 1962; x_wconf 75' lang='lat' dir='ltr'>Insulae</span> <span class='ocrx_word' id='word_1_277' title='bbox 1282 1914 1381 1977; x_wconf 80' lang='lat' dir='ltr'>jugi</span> <span class='ocrx_word' id='word_1_278' title='bbox 1411 1914 1649 1963; x_wconf 87' lang='lat' dir='ltr'>Vulcano</span> <span class='ocrx_word' id='word_1_279' title='bbox 1685 1926 1806 1960; x_wconf 81' lang='lat' dir='ltr'>exae-</span> 
     </span>
     <span class='ocr_line' id='line_1_30' title="bbox 6 1975 1807 2041; baseline -0.004 -12"><span class='ocrx_word' id='word_1_280' title='bbox 6 1980 18 2039; x_wconf 14' lang='lat'>&#39;²²</span> <span class='ocrx_word' id='word_1_281' title='bbox 57 1978 327 2038; x_wconf 84' lang='lat' dir='ltr'>stuant,qui</span> <span class='ocrx_word' id='word_1_282' title='bbox 350 1976 498 2023; x_wconf 86' lang='lat' dir='ltr'>etiam</span> <span class='ocrx_word' id='word_1_283' title='bbox 511 1977 562 2023; x_wconf 92' lang='lat' dir='ltr'>in</span> <span class='ocrx_word' id='word_1_284' title='bbox 580 1976 735 2025; x_wconf 87' lang='lat' dir='ltr'>Maris</span> <span class='ocrx_word' id='word_1_285' title='bbox 755 1975 927 2024; x_wconf 87' lang='lat' dir='ltr'>medio</span> <span class='ocrx_word' id='word_1_286' title='bbox 942 1990 1200 2041; x_wconf 86' lang='lat' dir='ltr'>permanet</span> <span class='ocrx_word' id='word_1_287' title='bbox 1218 1976 1526 2027; x_wconf 61' lang='lat' dir='ltr'>inextinctus.</span> <span class='ocrx_word' id='word_1_288' title='bbox 1595 1975 1694 2025; x_wconf 87' lang='lat' dir='ltr'>Sed</span> <span class='ocrx_word' id='word_1_289' title='bbox 1706 1975 1807 2025; x_wconf 91' lang='lat' dir='ltr'>Ve-</span> 
     </span>
     <span class='ocr_line' id='line_1_31' title="bbox 0 2035 1808 2109; baseline -0.002 -19"><span class='ocrx_word' id='word_1_290' title='bbox 0 2039 19 2109; x_wconf 72' lang='lat' dir='ltr'>li}</span> <span class='ocrx_word' id='word_1_291' title='bbox 57 2043 201 2093; x_wconf 77' lang='lat' dir='ltr'>fitvio</span> <span class='ocrx_word' id='word_1_292' title='bbox 226 2038 347 2088; x_wconf 87' lang='lat' dir='ltr'>nihil</span> <span class='ocrx_word' id='word_1_293' title='bbox 370 2037 606 2086; x_wconf 81' lang='lat' dir='ltr'>famosius</span> <span class='ocrx_word' id='word_1_294' title='bbox 628 2041 679 2087; x_wconf 90' lang='lat' dir='ltr'>in</span> <span class='ocrx_word' id='word_1_295' title='bbox 699 2035 828 2087; x_wconf 86' lang='lat' dir='ltr'>fastis</span> <span class='ocrx_word' id='word_1_296' title='bbox 852 2035 1111 2087; x_wconf 85' lang='lat' dir='ltr'>historicis.</span> <span class='ocrx_word' id='word_1_297' title='bbox 1182 2041 1400 2104; x_wconf 87' lang='lat' dir='ltr'>Percipc,</span> <span class='ocrx_word' id='word_1_298' title='bbox 1424 2040 1568 2103; x_wconf 90' lang='lat' dir='ltr'>quod</span> <span class='ocrx_word' id='word_1_299' title='bbox 1589 2041 1668 2088; x_wconf 90' lang='lat' dir='ltr'>ille</span> <span class='ocrx_word' id='word_1_300' title='bbox 1684 2070 1697 2092; x_wconf 89' lang='lat'>,</span> <span class='ocrx_word' id='word_1_301' title='bbox 1724 2052 1808 2086; x_wconf 86' lang='lat' dir='ltr'>an-</span> 
     </span>
     <span class='ocr_line' id='line_1_32' title="bbox 0 2098 1808 2167; baseline -0.004 -11"><span class='ocrx_word' id='word_1_302' title='bbox 0 2116 20 2164; x_wconf 59' lang='lat' dir='ltr'>&gt;tl</span> <span class='ocrx_word' id='word_1_303' title='bbox 59 2122 133 2156; x_wconf 90' lang='lat' dir='ltr'>no</span> <span class='ocrx_word' id='word_1_304' title='bbox 164 2098 345 2154; x_wconf 86' lang='lat' dir='ltr'>Christi</span> <span class='ocrx_word' id='word_1_305' title='bbox 377 2101 717 2164; x_wconf 57' lang='lat' dir='ltr'>octuagesimo</span> <span class='ocrx_word' id='word_1_306' title='bbox 748 2104 914 2165; x_wconf 87' lang='lat' dir='ltr'>primo</span> <span class='ocrx_word' id='word_1_307' title='bbox 945 2134 958 2154; x_wconf 87' lang='lat'>,</span> <span class='ocrx_word' id='word_1_308' title='bbox 987 2102 1321 2166; x_wconf 68' lang='lat' dir='ltr'>spec‘taculum</span> <span class='ocrx_word' id='word_1_309' title='bbox 1361 2103 1554 2156; x_wconf 85' lang='lat' dir='ltr'>dederit</span> <span class='ocrx_word' id='word_1_310' title='bbox 1593 2101 1808 2167; x_wconf 84' lang='lat' dir='ltr'>stupenti</span> 
     </span>
     <span class='ocr_line' id='line_1_33' title="bbox 0 2163 2036 2284; baseline -0.003 -65"><span class='ocrx_word' id='word_1_311' title='bbox 0 2165 22 2284; x_wconf 53' lang='grc' dir='ltr'>ι</span> <span class='ocrx_word' id='word_1_312' title='bbox 62 2167 366 2232; x_wconf 76' lang='lat' dir='ltr'>Campaniae.</span> <span class='ocrx_word' id='word_1_313' title='bbox 436 2165 581 2213; x_wconf 87' lang='lat' dir='ltr'>Circa</span> <span class='ocrx_word' id='word_1_314' title='bbox 602 2163 847 2213; x_wconf 81' lang='lat' dir='ltr'>Calendas</span> <span class='ocrx_word' id='word_1_315' title='bbox 866 2166 1176 2215; x_wconf 85' lang='lat' dir='ltr'>Novembris</span> <span class='ocrx_word' id='word_1_316' title='bbox 1200 2168 1251 2214; x_wconf 88' lang='lat' dir='ltr'>in</span> <span class='ocrx_word' id='word_1_317' title='bbox 1271 2170 1385 2215; x_wconf 83' lang='lat' dir='ltr'>a&#39;e&#39;re</span> <span class='ocrx_word' id='word_1_318' title='bbox 1413 2170 1578 2231; x_wconf 83' lang='lat' dir='ltr'>vagari</span> <span class='ocrx_word' id='word_1_319' title='bbox 1598 2168 1692 2217; x_wconf 89' lang='lat' dir='ltr'>visa</span> <span class='ocrx_word' id='word_1_320' title='bbox 1714 2165 1807 2214; x_wconf 89' lang='lat' dir='ltr'>ho·</span> <span class='ocrx_word' id='word_1_321' title='bbox 1835 2176 2036 2238; x_wconf 38' lang='lat' dir='ltr'>,spondam</span> 
     </span>
     <span class='ocr_line' id='line_1_34' title="bbox 0 2224 1806 2296; baseline -0.003 -14"><span class='ocrx_word' id='word_1_322' title='bbox 0 2245 10 2296; x_wconf 62' lang='lat' dir='ltr'><em>g</em></span> <span class='ocrx_word' id='word_1_323' title='bbox 60 2235 259 2283; x_wconf 83' lang='lat' dir='ltr'>minum</span> <span class='ocrx_word' id='word_1_324' title='bbox 290 2224 536 2277; x_wconf 84' lang='lat' dir='ltr'>monstra:</span> <span class='ocrx_word' id='word_1_325' title='bbox 573 2228 826 2277; x_wconf 88' lang='lat' dir='ltr'>consecuti</span> <span class='ocrx_word' id='word_1_326' title='bbox 846 2244 969 2276; x_wconf 86' lang='lat' dir='ltr'>mox</span> <span class='ocrx_word' id='word_1_327' title='bbox 990 2241 1128 2277; x_wconf 84' lang='lat' dir='ltr'>terrae</span> <span class='ocrx_word' id='word_1_328' title='bbox 1152 2242 1348 2285; x_wconf 86' lang='lat' dir='ltr'>motus,</span> <span class='ocrx_word' id='word_1_329' title='bbox 1373 2233 1421 2280; x_wconf 66' lang='grc' dir='ltr'>ὅ(</span> <span class='ocrx_word' id='word_1_330' title='bbox 1441 2231 1606 2279; x_wconf 86' lang='lat' dir='ltr'>audita</span> <span class='ocrx_word' id='word_1_331' title='bbox 1625 2231 1806 2279; x_wconf 86' lang='lat' dir='ltr'>subter-</span> 
     </span>
     <span class='ocr_line' id='line_1_35' title="bbox 0 2285 1802 2471; baseline -0.002 -125"><span class='ocrx_word' id='word_1_332' title='bbox 0 2285 21 2471; x_wconf 55' lang='grc' dir='ltr'>ἰ]</span> <span class='ocrx_word' id='word_1_333' title='bbox 62 2310 211 2345; x_wconf 88' lang='lat' dir='ltr'>ranea</span> <span class='ocrx_word' id='word_1_334' title='bbox 241 2291 374 2355; x_wconf 73' lang='lat' dir='ltr'>quasi</span> <span class='ocrx_word' id='word_1_335' title='bbox 401 2293 646 2340; x_wconf 87' lang='lat' dir='ltr'>tonitrua:</span> <span class='ocrx_word' id='word_1_336' title='bbox 684 2290 826 2338; x_wconf 90' lang='lat' dir='ltr'>subin</span> <span class='ocrx_word' id='word_1_337' title='bbox 861 2293 1094 2341; x_wconf 85' lang='lat' dir='ltr'>Oceanus</span> <span class='ocrx_word' id='word_1_338' title='bbox 1127 2293 1366 2347; x_wconf 85' lang='lat' dir='ltr'>fremere,</span> <span class='ocrx_word' id='word_1_339' title='bbox 1386 2295 1580 2357; x_wconf 88' lang='lat' dir='ltr'>mugire</span> <span class='ocrx_word' id='word_1_340' title='bbox 1605 2294 1802 2343; x_wconf 76' lang='lat' dir='ltr'>nubila&gt;</span> 
     </span>
    </p>
   </div>
   <div class='ocr_carea' id='block_1_3' title="bbox 0 1425 17 2030">
    <p class='ocr_par' dir='ltr' id='par_1_3' title="bbox 0 1425 17 2030">
     <span class='ocr_line' id='line_1_36' title="bbox 0 1425 17 2030; baseline 0 881"><span class='ocrx_word' id='word_1_341' title='bbox 0 1425 17 2030; x_wconf 95' lang='lat' dir='ltr'> </span> 
     </span>
    </p>
   </div>
   <div class='ocr_carea' id='block_1_4' title="bbox 4 2353 1804 2660">
    <p class='ocr_par' dir='ltr' id='par_1_4' title="bbox 4 2353 1804 2660">
     <span class='ocr_line' id='line_1_37' title="bbox 13 2353 1803 2432; baseline -0.003 -25"><span class='ocrx_word' id='word_1_342' title='bbox 13 2353 22 2432; x_wconf 63' lang='lat' dir='ltr'>l</span> <span class='ocrx_word' id='word_1_343' title='bbox 58 2359 250 2409; x_wconf 84' lang='lat' dir='ltr'>montis</span> <span class='ocrx_word' id='word_1_344' title='bbox 273 2356 549 2408; x_wconf 82' lang='lat' dir='ltr'>cacumina,</span> <span class='ocrx_word' id='word_1_345' title='bbox 570 2354 834 2418; x_wconf 87' lang='lat' dir='ltr'>repentino</span> <span class='ocrx_word' id='word_1_346' title='bbox 856 2354 1056 2419; x_wconf 85' lang='lat' dir='ltr'>fragore</span> <span class='ocrx_word' id='word_1_347' title='bbox 1079 2358 1303 2410; x_wconf 88' lang='lat' dir='ltr'>concuti,</span> <span class='ocrx_word' id='word_1_348' title='bbox 1323 2369 1431 2406; x_wconf 88' lang='lat' dir='ltr'>tum</span> <span class='ocrx_word' id='word_1_349' title='bbox 1456 2358 1671 2420; x_wconf 87' lang='lat' dir='ltr'>denique</span> <span class='ocrx_word' id='word_1_350' title='bbox 1695 2371 1803 2403; x_wconf 90' lang='lat' dir='ltr'>eru-</span> 
     </span>
     <span class='ocr_line' id='line_1_38' title="bbox 13 2415 1804 2485; baseline -0.003 -15"><span class='ocrx_word' id='word_1_351' title='bbox 13 2436 23 2479; x_wconf 52' lang='lat' dir='ltr'>i</span> <span class='ocrx_word' id='word_1_352' title='bbox 61 2423 194 2473; x_wconf 69' lang='lat' dir='ltr'>&amp;are</span> <span class='ocrx_word' id='word_1_353' title='bbox 220 2417 491 2468; x_wconf 86' lang='lat' dir='ltr'>immensos</span> <span class='ocrx_word' id='word_1_354' title='bbox 517 2417 724 2482; x_wconf 86' lang='lat' dir='ltr'>lapides,</span> <span class='ocrx_word' id='word_1_355' title='bbox 750 2415 1043 2480; x_wconf 71' lang='lat' dir='ltr'>tantamque</span> <span class='ocrx_word' id='word_1_356' title='bbox 1064 2421 1213 2482; x_wconf 85' lang='lat' dir='ltr'>ignis,</span> <span class='ocrx_word' id='word_1_357' title='bbox 1235 2416 1468 2483; x_wconf 81' lang='lat' dir='ltr'>fumique</span> <span class='ocrx_word' id='word_1_358' title='bbox 1500 2423 1727 2485; x_wconf 72' lang='lat' dir='ltr'>copiam,</span> <span class='ocrx_word' id='word_1_359' title='bbox 1746 2429 1804 2465; x_wconf 91' lang='lat' dir='ltr'>ut</span> 
     </span>
     <span class='ocr_line' id='line_1_39' title="bbox 5 2478 1802 2546; baseline -0.004 -12"><span class='ocrx_word' id='word_1_360' title='bbox 5 2485 25 2546; x_wconf 63' lang='lat' dir='ltr'>fl</span> <span class='ocrx_word' id='word_1_361' title='bbox 63 2484 202 2543; x_wconf 60' lang='lat' dir='ltr'>ejecti</span> <span class='ocrx_word' id='word_1_362' title='bbox 224 2484 409 2531; x_wconf 84' lang='lat' dir='ltr'>cineres</span> <span class='ocrx_word' id='word_1_363' title='bbox 435 2497 543 2529; x_wconf 87' lang='lat' dir='ltr'>non</span> <span class='ocrx_word' id='word_1_364' title='bbox 573 2478 738 2531; x_wconf 80' lang='lat' dir='ltr'>modo</span> <span class='ocrx_word' id='word_1_365' title='bbox 767 2493 932 2530; x_wconf 85' lang='lat' dir='ltr'>totam</span> <span class='ocrx_word' id='word_1_366' title='bbox 962 2480 1257 2532; x_wconf 68' lang='lat' dir='ltr'>devastarint</span> <span class='ocrx_word' id='word_1_367' title='bbox 1277 2496 1415 2533; x_wconf 87' lang='lat' dir='ltr'>terrae</span> <span class='ocrx_word' id='word_1_368' title='bbox 1440 2487 1699 2535; x_wconf 86' lang='lat' dir='ltr'>viciniam,</span> <span class='ocrx_word' id='word_1_369' title='bbox 1719 2480 1802 2529; x_wconf 87' lang='lat' dir='ltr'>secl</span> 
     </span>
     <span class='ocr_line' id='line_1_40' title="bbox 4 2543 1802 2614; baseline -0.002 -17"><span class='ocrx_word' id='word_1_370' title='bbox 4 2552 25 2598; x_wconf 59' lang='lat' dir='ltr'>i}</span> <span class='ocrx_word' id='word_1_371' title='bbox 62 2554 118 2608; x_wconf 66' lang='grc' dir='ltr'>,ὃς</span> <span class='ocrx_word' id='word_1_372' title='bbox 139 2549 282 2602; x_wconf 75' lang='lat' dir='ltr'>Mare</span> <span class='ocrx_word' id='word_1_373' title='bbox 307 2545 648 2610; x_wconf 76' lang='lat' dir='ltr'>oppleverint,</span> <span class='ocrx_word' id='word_1_374' title='bbox 670 2543 906 2597; x_wconf 84' lang='lat' dir='ltr'>homines</span> <span class='ocrx_word' id='word_1_375' title='bbox 931 2560 1051 2599; x_wconf 87' lang='lat' dir='ltr'>cum</span> <span class='ocrx_word' id='word_1_376' title='bbox 1077 2547 1259 2607; x_wconf 74' lang='lat' dir='ltr'>Brutis,</span> <span class='ocrx_word' id='word_1_377' title='bbox 1282 2564 1402 2604; x_wconf 82' lang='lat' dir='ltr'>cum</span> <span class='ocrx_word' id='word_1_378' title='bbox 1428 2548 1633 2614; x_wconf 85' lang='lat' dir='ltr'>piscibus</span> <span class='ocrx_word' id='word_1_379' title='bbox 1659 2544 1802 2595; x_wconf 88' lang='lat' dir='ltr'>volu-</span> 
     </span>
     <span class='ocr_line' id='line_1_41' title="bbox 1633 2621 1737 2660; baseline -0.029 0"><span class='ocrx_word' id='word_1_380' title='bbox 1633 2621 1737 2660; x_wconf 77' lang='lat' dir='ltr'>ctes</span> 
     </span>
    </p>
   </div>
  </div>
 </body>
</html>
