2242 2911
145 236 251 295 ᾖεν.-
267 250 313 282 2.

147 318 194 344 v*
224 313 296 357 ¹9·
363 328 594 392 nunquid
617 344 812 376 amarum
833 329 888 383 esi
908 329 1170 394 dereliquisse
1187 332 1424 378 Dominum
1446 331 1644 378 DEUM
1654 329 1806 384 sicum?

421 122 482 169 34
870 117 888 131 ⁶
1046 109 1205 171 „sphinx
1237 107 1481 171 Clariffima.

357 200 466 267 quo
489 199 596 266 plus
616 198 792 255 habet,
847 201 922 252 lus
932 203 1084 269 cupit.
1152 203 1228 253 At
1247 203 1449 260 Deliciis
1470 201 1639 256 allicit,
1661 200 1746 252 sed
1765 217 1877 267 quae
1894 216 2007 253 non
2029 203 2133 256 fine

366 265 700 314 amaritudine
733 266 820 330 gui
845 279 991 316 antur
1012 300 1027 320 ,
1066 269 1116 317 ὃ(
1147 279 1319 316 tamen
1344 268 1538 315 aeternis
1564 265 1806 332 suppliciis
1841 269 2131 332 expiantur:

525 392 724 443 LEUC:
757 396 891 444 Tam
916 389 995 458 pie
1026 427 1040 448 ‚
1074 392 1230 456 quam
1260 391 1526 441 efficaciter
1554 390 1744 458 stringis
1768 392 1884 443 :sed
1906 393 2138 458 ignosce,

367 455 461 506 hac
485 453 654 506 forma
682 468 814 506 extra
834 457 1062 506 formam
1079 473 1200 506 cum
1212 454 1525 521 Philosopho
1547 456 1790 506 ambulas.
1835 458 2000 506 MEL:
2017 457 2140 520 quid

366 521 468 568 ita?
536 520 734 570 LEUC:
770 523 886 583 quia
905 519 1080 570 sensim
1102 523 1154 569 in
1177 519 1356 569 asccfin
1384 519 1638 568 delaberis.
1707 521 1872 571 MEL:
1908 519 2141 584 aptiusin

367 582 600 633 Ethicam
617 582 801 633 dixiss'es
827 600 839 636 3
875 583 957 633 sed
979 584 1210 648 nunquid
1228 587 1276 634 δε
1309 596 1364 632 tu
1386 586 1438 632 in
1458 584 1781 632 oblivionem
1811 583 2052 632 delaberis
2087 583 2141 631 il-

366 647 484 697 lius,
523 646 657 710 quod
681 646 902 712 primum
927 646 1033 698 heri
1056 649 1071 696 ἓ
1107 646 1387 697 meminiffe
1406 661 1607 712 poteras
1640 645 1915 708 (quodvel
1937 644 2056 696 ideo
2086 648 2143 695 ti-

371 710 422 758 bi
450 711 632 760 iterum
654 709 941 775 iterumque
969 712 1276 761 inculcatum
1308 726 1373 760 eo
1399 710 1421 768 )
1455 710 1789 775 Philosophiae
1815 707 1998 759 nostrae
2033 724 2144 758 non

369 774 526 824 alium
547 773 641 824 effe
667 773 850 829 finem,
884 774 972 824 nifi
991 791 1146 838 quem
1168 773 1332 823 statuit
1343 776 1504 828 Plato,
1529 775 1813 823 Divinitatis
1829 789 2028 840 snempe
2052 788 2145 821 no-

370 839 560 891 titiam,
596 840 647 888 &
668 851 929 887 amorem:
967 854 1122 902 quem
1156 839 1221 888 fic
1246 838 1558 904 Philosopho
1591 851 1756 887 ratum
1785 837 1855 885 eit
1881 836 2141 902 persequi,

369 914 423 948 ut
446 902 591 950 illum
608 901 702 950 affe
743 918 829 951 uat
851 902 1077 952 Ethicus:
1103 902 1200 951 dixi
1225 920 1237 955 5
1273 905 1339 951 ita
1368 915 1531 952 ratum
1549 935 1561 956 5
1585 900 1862 961 fixumque.
1943 901 2108 963 Pergo
2127 931 2143 953 ‚

367 967 672 1027 argumentis
691 981 723 1029 p
762 964 899 1030 yficis
931 966 1182 1022 majorem
1202 967 1265 1014 de
1285 967 1435 1016 DEO
1472 966 1587 1014 dare
1616 966 1854 1013 notitiam
1881 996 1894 1017 ‚
1915 975 1971 1012 ut
2001 963 2143 1011 subin

361 1028 539 1076 Ethica
558 1061 571 1081 ,
608 1031 860 1087 majorem
892 1031 944 1078 in
965 1029 1279 1093 Philosophis
1309 1042 1518 1092 generet
1548 1043 1802 1077 amorem.
1858 1026 2141 1089 Pingetibi‚

365 1090 510 1151 quod
542 1088 631 1138 fibi
652 1091 919 1154 quondam
943 1094 1150 1139 Boetius
1169 1125 1182 1143 ,
1209 1094 1262 1139 in
1290 1093 1524 1155 Peripato
1553 1090 1742 1154 grande
1771 1088 1940 1145 jubar,
1976 1087 2111 1153 finge
2130 1122 2145 1142 ‚

362 1153 684 1215 speciabilem
706 1154 794 1201 tibi
835 1154 880 1201 se
903 1151 1064 1200 sistere
1083 1153 1487 1216 Philosophiam:
1525 1155 1723 1217 percipe
1747 1185 1759 1205 ‚
1779 1164 1839 1201 'ut
1862 1152 2150 1214 alloquatur

366 1214 703 1280 Philosophos
727 1217 938 1263 nomine
962 1248 975 1269 ,
1018 1230 1070 1264 re
1090 1227 1264 1264 tamen
1292 1218 1446 1265 brutis
1466 1250 1479 1270 ‚
1516 1215 1673 1278 quam
1694 1215 1991 1264 hominibus
2019 1214 2150 1264 fimi-

369 1279 538 1326 lioreS.
589 1275 756 1327 Existit
776 1279 983 1332 DEU&
1021 1275 1179 1327 existit
1196 1296 1322 1328 unus
1348 1312 1361 1333 ‚
1399 1280 1546 1342 quod
1579 1279 1613 1327 fi
1650 1295 1761 1327 non
1787 1279 1982 1328 creditis
2005 1312 2020 1334 ,
2056 1278 2150 1327 do·

364 1355 512 1390 cente
531 1357 616 1390 me
656 1341 918 1390 evidenter
953 1342 1078 1390 scitis
1107 1374 1120 1395 ‚
1155 1341 1243 1390 nisi
1279 1344 1485 1390 rationis
1519 1342 1695 1389 lumen
1725 1374 1741 1395 ,
1784 1340 1963 1390 natura
1994 1343 2150 1391 etiam

368 1417 680 1469 repugnante
703 1437 718 1459 ‚
753 1403 947 1469 penitus
969 1401 1259 1453 extinxistis:
1297 1401 1452 1453 existit
1474 1406 1622 1470 igitur
1646 1404 1673 1454 a
1694 1405 1766 1459 se,
1782 1407 1836 1455 ὅ(
1856 1404 2003 1468 quod
2024 1420 2153 1454 con-

365 1468 583 1531 sequitur
607 1501 620 1521 ,
654 1469 708 1516 in
738 1469 884 1516 omni
916 1467 1233 1533 perfectionis
1264 1483 1448 1532 genere
1474 1501 1486 1522 ‚
1533 1467 1756 1517 infinitus
1786 1486 1798 1515 :
1835 1468 1980 1530 quod
2009 1470 2148 1517 enim

366 1532 466 1580 Ens
487 1528 557 1578 est
580 1530 606 1580 a
635 1531 682 1579 se
706 1564 721 1585 ,
757 1529 784 1579 a
811 1531 952 1579 nullo
983 1532 1242 1596 participat
1273 1533 1527 1579 rationem
1563 1532 1699 1580 Entis
1729 1549 1741 1579 z
1779 1531 1925 1594 quod
1956 1529 1991 1580 fi
2020 1529 2148 1581 vero

367 1594 564 1642 causam
585 1595 654 1642 sui
679 1594 960 1643 nonhabet
983 1628 996 1647 ,2
1034 1594 1398 1658 perfectionem
1425 1628 1436 1648 ‚
1474 1597 1630 1642 avaris
1673 1594 1912 1643 limitibus
1936 1596 2151 1644 circum·

371 1657 601 1721 scriptam
622 1690 638 1711 ,
671 1657 856 1706 habere
882 1660 1088 1721 nequit:
1126 1673 1246 1706 nam
1275 1657 1522 1721 quidquid
1547 1659 1742 1705 cernitis
1773 1658 2047 1706 limitatum
2068 1691 2082 1712 ‚
2119 1658 2149 1707 ὲ

371 1722 453 1769 sua
485 1721 627 1769 causa
654 1753 668 1775 ,
704 1723 899 1769 cernitis
931 1722 1203 1770 limitatum
1232 1754 1247 1775 2
1283 1735 1392 1784 quae
1427 1733 1513 1769 aut
1542 1736 1653 1769 non
1683 1722 1852 1785 potuit
1873 1754 1886 1774 ‚
1922 1734 2009 1769 aut
2036 1737 2147 1771 non

372 1785 536 1833 voluit
554 1784 663 1848 plus
677 1784 991 1847 perfcffionis
1016 1782 1212 1832 effectui
1240 1786 1625 1833 communicare
1652 1801 1666 1831 ε
1701 1780 1770 1832 est
1791 1784 1938 1848 igitur
1968 1787 2147 1834 omnia

372 1847 567 1898 DEUS.
646 1848 911 1912 Qidquid
939 1847 1134 1912 pulchri
1162 1848 1353 1896 relucet
1382 1850 1434 1896 in
1457 1848 1560 1896 sole
1581 1880 1595 1901 ,
1631 1846 1878 1910 quidquid
1903 1847 2066 1911 placet
2092 1851 2146 1897 in

372 1907 517 1959 stellis
541 1944 555 1963 ‚
592 1912 733 1975 quod
759 1910 1003 1960 blandum
1039 1911 1221 1960 arridet
1248 1912 1302 1959 in
1322 1910 1470 1964 iride,
1507 1911 1649 1973 quod
1677 1913 1802 1975 rapit
1826 1912 1879 1959 in
1908 1909 2147 1966 floribus,

375 1974 520 2036 quod
549 1988 739 2023 recreat
769 1976 821 2023 in
853 1975 1081 2024 fontibus
1103 2008 1117 2028 ,
1153 1974 1299 2038 quod
1330 1976 1382 2024 in
1412 1973 1782 2038 pulchritudine
1816 1986 1981 2023 creata
2013 1974 2150 2024 fasci-

375 2049 488 2091 nat,
525 2040 701 2087 omnia
721 2040 935 2103 reperire
967 2040 1020 2087 in
1046 2039 1196 2088 DEO
1220 2034 1304 2086 est.
1377 2039 1493 2087 Plus
1518 2037 1669 2086 dico:
1705 2051 1889 2086 omnes
1915 2036 2006 2087 has
2036 2053 2146 2104 per-

375 2099 616 2150 feetiones
639 2103 869 2151 continet
885 2101 986 2150 fine
1025 2101 1226 2151 defeetu
1249 2118 1263 2155 5
1298 2101 1465 2150 bonus
1488 2097 1556 2149 est
1576 2099 1681 2149 fine
1704 2101 1942 2164 qualitate
1961 2133 1977 2155 ‚
2005 2116 2146 2167 mag-

374 2178 469 2212 nus
502 2163 602 2213 fine
626 2166 901 2226 quantitate
924 2198 937 2219 ,
972 2165 1244 2214 immensus
1283 2163 1387 2214 fine
1423 2162 1713 2213 extensione
1745 2196 1761 2218 ‚
1785 2174 2006 2213 ‘aeternus
2043 2163 2147 2215 fine

373 2227 530 2291 spatio
557 2229 799 2292 temporis
821 2244 832 2275 ε
868 2225 1196 2278 remotissime
1219 2224 1362 2278 distat
1389 2228 1451 2278 ab
1477 2227 1716 2278 omnibus
1739 2258 1753 2281 9
1789 2228 1841 2278 ὃς
1870 2239 2044 2276 tamen
2074 2231 2144 2278 vi·
2181 2243 2183 2245 ·

375 2288 646 2339 ciniffimus
668 2287 736 2338 est
758 2308 769 2339 :
803 2292 947 2340 nullo
975 2293 1098 2342 loco
1122 2288 1476 2357 constringitur
1497 2325 1511 2347 ‚
1547 2294 1600 2343 &
1620 2290 1806 2354 ubique
1827 2290 2033 2356 praesens
2053 2288 2139 2348 est,

375 2352 569 2418 semper
593 2355 724 2418 agit,
760 2356 810 2404 &
831 2353 1025 2420 semper
1058 2356 1298 2420 quiescit,
1333 2357 1510 2406 omnia
1545 2366 1709 2405 mutat
1737 2386 1751 2408 ‚
1785 2356 1837 2404 ὃ(
1878 2369 2145 2418 nunquam

374 2429 599 2465 mutatur
622 2449 637 2471 ‚
671 2429 852 2466 movet
877 2421 1053 2468 omnia
1073 2420 1172 2485 ipse
1192 2419 1506 2476 Immobilis‚
1539 2415 1928 2483 comprehendit
1946 2421 2142 2475 omnia,

378 2482 430 2529 ὃς
455 2478 483 2529 ἐι
506 2481 708 2530 nemine
724 2496 847 2531 com
884 2481 1188 2533 rehenditur.
1241 2483 1355 2534 Plus
1378 2484 1524 2534 dico:
1559 2495 1741 2531 omnes
1773 2479 1862 2553 has
1878 2480 2144 2545 perfeetio-

377 2556 467 2593 nes
488 2545 717 2597 continet
737 2560 831 2597 mo
871 2560 906 2597 0
933 2544 1378 2605 excellentissimo:
1411 2544 1624 2615 poffidet
1653 2543 1756 2600 sine
1789 2545 2138 2659 hnuffiuia
