2175 2911
61 480 280 525 schererus

63 555 96 587 t.
114 556 156 587 :2⁴
174 543 202 588 l.
221 543 264 590 8.

65 619 160 653 &20

68 869 266 913 fromon-

56 930 158 975 dus.

368 129 428 173 26
941 123 1071 170 Atlas
1094 119 1420 182 Philofhphicus.

304 220 356 264 in
377 212 607 278 Hispania
626 212 655 261 a
676 213 932 277 Pyrenen»,
953 211 1015 260 ab
1037 209 1252 274 Alpibus
1288 211 1339 257 in
1361 207 1544 257 Gallia,
1569 208 1621 254 in
1645 206 1836 256 Graecia
1857 207 1884 256 a
1907 223 2055 259 mon-

305 278 436 326 tibus
454 276 696 326 Thraciae.
797 274 1001 326 Verbo:
1037 273 1256 324 AEoliam
1286 269 1542 334 physicam
1564 269 1598 318 si
1627 270 1847 338 indages,
1863 270 2056 327 dicam,

307 343 559 404 originem
585 339 778 388 trahere
807 338 941 395 abiis
965 335 1229 387 omnibus,
1261 348 1369 396 quae
1401 333 1499 382 sive
1527 334 1788 389 rarefacta,
1808 333 1908 382 five
1934 349 2057 384 con-

309 405 506 452 densata
524 435 536 457 ,
561 404 750 451 tollunt
773 401 1103 464 aequilibrium
1130 400 1264 447 aeris.
1364 397 1457 443 Fac
1483 398 1619 444 enim
1651 397 1792 445 calor
1824 409 2059 447 extenuet

309 471 480 516 aerem
504 462 722 515 maxime
745 463 1179 516 condensatuni‚&
1202 458 1286 507 nifi
1299 459 1438 507 Lana
1462 458 1670 523 disputet
1694 460 1755 507 de
1772 461 1884 508 lana
1907 462 2059 526 capri-

309 547 371 579 na
388 564 400 585 ,
426 530 696 595 occupabit
716 529 923 594 spatium
949 524 1148 590 vigesies
1176 522 1354 571 millies
1383 522 1540 590 majus
1559 521 1604 569 se
1626 523 1754 585 ipso:
1792 523 1914 585 quid
1933 520 2057 588 ergo

308 597 526 646 mirum,
548 591 692 655 quod
719 590 1070 655 atmosphaera,
1099 584 1229 635 adeo
1262 588 1479 638 extensa,
1510 586 1735 657 impellat
1762 599 1957 651 partem
1980 590 2059 636 a‘e·

309 661 372 706 ris
392 659 703 722 proximam,
724 655 828 704 haec
854 653 1020 703 trudat
1048 647 1219 700 denuo
1244 649 1461 697 vicinam
1477 680 1488 701 ,
1512 663 1684 710 sicque
1715 650 1891 698 sensim
1915 665 2058 699 com-

309 733 464 769 moto
491 721 684 777 majore
707 719 888 783 spatio,
912 718 1098 765 oriatur
1118 725 1319 764 ventus,
1341 712 1426 772 qni
1449 710 1620 759 eundo
1639 716 1884 778 accipiens
1907 715 2059 770 vireS,

309 784 403 834 sese
427 782 607 833 fortius
640 793 909 848 propagat,
934 794 1042 828 non
1072 778 1209 825 aliter
1236 790 1293 822 ac
1314 773 1406 821 scie
1437 774 1594 822 solent
1623 776 1823 826 trudere
1852 777 2060 832 flustus,

311 845 483 910 sicque
511 844 685 894 sensim
708 848 986 894 coriaovere
1011 838 1310 890 Oceanum?
1346 837 1425 885 scd
1448 835 1579 900 finge
1595 839 1794 904 denuo,
1814 856 1935 888 narn
1955 839 2063 890 haec

311 909 448 960 fistio
473 909 677 958 docebit
697 921 745 956 te
763 909 1024 957 veritatem
1041 937 1053 956 ‚
1074 902 1205 965 finge
1219 934 1231 955 ‚
1254 903 1464 962 inquam
1478 933 1490 953 ,
1514 902 1659 961 quod
1691 901 1965 958 exhalatio,
1990 902 2063 952 su-

312 974 421 1022 bito
449 973 636 1036 frigore
658 969 984 1021 condensata,
1005 965 1196 1014 suamet
1225 962 1461 1031 ponderis
1488 965 1757 1025 gravitate,
1790 981 1882 1014 nec
1914 968 2063 1030 proin

311 1037 500 1098 absque
530 1033 735 1082 sensibili
765 1036 982 1094 impetu,
1007 1025 1033 1075 ὲ
1057 1030 1225 1090 primae
1263 1027 1478 1092 regionis
1516 1027 1725 1079 vertice,
1752 1040 1862 1075 ruat
1887 1030 1938 1076 in
1970 1040 2064 1078 ter-

313 1114 447 1146 ram:
485 1096 605 1158 quid
627 1092 798 1141 denuo
819 1094 1006 1140 mirum
1021 1121 1032 1141 ,
1059 1086 1204 1148 quod
1226 1089 1338 1157 aere
1358 1097 1463 1131 tam
1484 1085 1753 1148 derepente
1780 1092 2064 1145 commem,

311 1163 364 1209 in
387 1160 488 1214 ejus
511 1160 686 1205 locum
707 1170 827 1202 mox
851 1154 970 1200 alius
992 1148 1214 1199 advolet,
1227 1146 1495 1215 secumque
1510 1146 1670 1195 trahat
1692 1149 1925 1200 affinem?
1945 1155 2067 1214 quid

312 1223 527 1273 mirum,
551 1215 694 1281 quod
725 1216 828 1265 haec
849 1210 1110 1264 suceessiva
1141 1219 1683 1260 commotio’ventum
1711 1214 1884 1266 eundo
1917 1231 2072 1280 genc-

311 1295 410 1338 ret,
435 1282 638 1344 qualem
660 1278 743 1330 hic
763 1276 1072 1348 experimur?
1292 1332 1307 1349 Α
1389 1338 1398 1345 ·
1788 1301 1812 1308 a

439 1344 638 1396 LEUC:
707 1344 870 1408 Capio
897 1343 1146 1406 originem
1167 1348 1364 1408 motin,
1385 1353 1436 1385 in
1458 1349 1610 1387 motu
1629 1353 1903 1393 ventorum
1922 1358 2072 1408 gene-

315 1408 409 1459 fin:
447 1408 527 1456 sed
554 1423 642 1455 cur
673 1409 917 1470 impetus,
942 1400 1073 1451 adeo
1100 1400 1187 1448 libi
1215 1400 1335 1463 saepe
1363 1406 1674 1452 contrarius?
1719 1421 1807 1455 cur
1835 1423 1972 1456 nunc
1995 1408 2069 1456 di-

316 1472 500 1524 rcehis,
525 1485 660 1518 nunc
687 1467 984 1517 transversus
1000 1499 1012 1519 ,
1032 1479 1167 1512 nunc
1188 1462 1407 1527 placidus
1437 1464 1693 1529 Zephyrus
1709 1501 1722 1522 ,
1745 1485 1880 1518 nunc
1902 1471 2070 1520 fulmi-

319 1550 440 1583 neus
462 1532 765 1597 Ecnephias,
786 1545 921 1579 nunc
951 1527 1175 1577 turbidus
1203 1526 1453 1590 Typhon,
1481 1543 1618 1577 nunc
1645 1531 1818 1580 furore
1839 1534 2070 1584 accensus

321 1592 548 1646 Praester?
613 1597 767 1641 MEL·
837 1596 967 1643 Non
989 1591 1166 1639 eadem
1193 1590 1520 1654 atniospherae
1551 1589 1620 1640 est
1651 1595 1930 1659 dispositio,
1958 1612 2070 1647 non

322 1659 498 1707 eadem
520 1657 893 1706 exhalationum
908 1658 1126 1707 Natura,
1150 1668 1244 1701 nec
1262 1653 1439 1701 cadem
1461 1657 1717 1716 agentium
1738 1661 1916 1707 virtus:
1951 1660 2073 1710 hinc

320 1738 416 1787 pro
439 1721 580 1779 variis
611 1718 1012 1777 circumstantiis,
1036 1720 1200 1767 varios
1231 1720 1368 1766 venri
1399 1716 1649 1766 affuniunt
1677 1732 1876 1775 motus,
1905 1724 1956 1772 ὅ(
1978 1725 2074 1771 im-

321 1797 478 1850 petus.
580 1785 789 1834 Flumen
810 1784 967 1848 aspice
1000 1781 1022 1838 (
1043 1796 1164 1829 nam
1184 1782 1318 1830 venti
1339 1781 1450 1828 sunt
1466 1783 1587 1829 ae'ris
1609 1781 1851 1840 flumina)
1885 1787 1936 1834 ὃς
1959 1802 2071 1834 om-

324 1850 397 1897 nis
416 1864 500 1898 mc
524 1848 688 1897 oderit
708 1848 921 1910 Stagira,
944 1844 1029 1896 nisi
1050 1847 1102 1892 in
1128 1844 1228 1901 ejus
1247 1843 1408 1898 fluxu,
1439 1844 1693 1908 pellucido
1725 1847 1880 1895 veluti
1905 1848 2073 1910 specu-

323 1912 406 1965 lo,
433 1923 708 1961 ventorum
739 1911 1079 1975 phaenomena
1107 1907 1466 1972 deprehendas.
1566 1910 1722 1958 Nunc
1751 1911 1887 1957 enim
1914 1911 2070 1975 pleno

327 1975 540 2023 decurrit
562 1976 707 2024 alveo
721 2008 733 2029 ,
755 1989 889 2023 nunc
908 1973 1215 2022 diminutum
1229 2004 1241 2025 ,
1258 1986 1394 2020 nunc
1418 1972 1545 2019 inter
1564 1973 1823 2021 montium
1842 1976 2075 2039 angipor..

325 2050 404 2087 tus
422 2033 727 2087 velocissime
749 2037 900 2100 fugit,
919 2051 1056 2085 nnnc
1079 2038 1131 2083 in
1158 2034 1463 2099 amplissimis
1486 2036 1672 2099 campis
1693 2031 1884 2099 placide
1913 2037 2073 2103 exspa-

325 2102 495 2149 tiatur:
543 2100 682 2148 subin
708 2103 836 2149 inter
865 2100 1017 2150 obvia
1047 2099 1179 2152 saxa,
1202 2100 1340 2148 velut
1368 2100 1702 2147 carminatum
1734 2099 2071 2155 exultat,'non

326 2177 590 2225 nunquam
626 2179 682 2211 cx
711 2164 961 2228 catadupis
988 2163 1346 2227 praecipitatum
1379 2161 1711 2210 formidinem
1743 2165 1942 2217 incutit,
1969 2163 2070 2219 iam

328 2228 379 2273 in
402 2224 529 2274 hanc
545 2258 557 2278 ‚
580 2227 678 2281 jam
700 2227 751 2273 in
774 2228 910 2275 illam
939 2239 1132 2290 partem
1156 2228 1382 2278 excurrit,
1404 2240 1539 2273 nunc
1562 2226 1777 2288 denique
1794 2228 1846 2273 in
1866 2225 2067 2289 rapidos

329 2291 546 2337 vortices
566 2301 788 2351 gyratur,
810 2291 888 2336 vel
907 2288 1306 2337 circumfleffitur
1323 2292 1374 2338 in
1396 2287 1701 2337 Maeandros.
1779 2290 1906 2336 Non
1932 2288 2069 2339 aliter

329 2364 508 2399 ventus
526 2367 660 2398 nunc
681 2352 906 2399 interciso
932 2355 1124 2415 impetu
1142 2351 1284 2414 spirat
1298 2385 1310 2404 ,
1332 2349 1498 2400 modo
1521 2350 1680 2401 cessat,
1701 2346 1867 2398 modo
1886 2351 2067 2401 resum-

330 2416 425 2478 ptis
441 2413 641 2467 viribus,
664 2414 840 2471 majori
868 2415 993 2462 redit
1016 2430 1133 2462 cum
1156 2418 1364 2479 impetu,
1385 2412 1448 2463 eo
1471 2413 1614 2477 quod
1634 2412 1966 2462 exhalationes
1988 2417 2069 2465 vel

330 2478 424 2526 lint
448 2475 628 2540 magis,
654 2488 738 2524 aut
765 2475 925 2524 minus
955 2480 1235 2534 continuae,
1259 2491 1343 2526 aut
1370 2478 1535 2540 plura,
1557 2476 1635 2525 vel
1660 2476 1896 2537 pauciora
1924 2477 1974 2524 in
1994 2480 2067 2528 iti-

329 2557 449 2592 nere
469 2537 721 2591 obstacula
740 2542 1080 2590 intercurrant.
1183 2538 1345 2607 Qod
1365 2540 1401 2590 fi
1420 2539 1663 2589 exhalatio
1682 2536 1897 2602 suspensa
1921 2541 1967 2587 in
1987 2546 2068 2593 ae-

1778 2615 1847 2656 re,
1864 2615 2005 2663 quas·
