2175 2911
694 147 888 199 Hamma
922 147 1189 200 Promethei,
1704 142 1762 205 55?

73 248 341 302 memoria,
358 247 407 298 ὅ(
429 239 663 296 viciffim?
698 258 788 292 cur
808 242 1025 305 denique
1041 241 1233 290 infinita
1254 234 1412 306 prope
1433 237 1704 307 speetacula
1720 238 1831 289 haec

77 314 225 363 nobis
249 310 470 360 exhibeat
499 306 704 355 facultas
729 338 742 360 ‚
784 320 1007 368 quorum
1035 317 1209 353 tamen
1236 306 1475 367 imagines
1518 303 1830 370 suppeditare

0 375 3 428 ζ
74 374 230 425 nostri
248 372 401 422 sensus
417 385 527 419 non
544 370 797 433 poterant?
817 369 918 425 Eia,
934 367 1196 432 Oedipum
1209 382 1314 431 age,
1329 370 1377 416 &
1392 368 1686 431 epomidem
1704 381 1830 414 con-

76 439 324 488 cedemus.
393 433 489 482 Sed
516 432 758 480 humeros
781 431 1057 482 contrahis,
1091 428 1325 492 onusque
1347 430 1571 480 solvendi
1594 431 1748 487 rejicis
1775 430 1829 476 in·

74 500 391 568 probantem.
458 497 534 544 En
556 497 701 560 igitur
717 497 910 559 paucis:
980 496 1094 543 Nos
1115 496 1241 541 inter
1259 495 1309 542 δε
1331 493 1562 556 Angelos
1581 505 1830 557 magnum

4 563 5 567 ’
74 565 245 625 utique
268 559 553 609 discriminis
577 558 758 607 chaos:
810 558 1024 606 Illorum
1046 558 1299 605 memoria
1334 555 1396 603 ad
1424 557 1678 605 arbitrium
1702 569 1830 602 nun-

75 641 226 688 quam
253 638 362 671 non
389 622 641 687 expedita:
692 617 861 670 nostra
885 654 898 675 ,
924 620 1168 682 quamdiu
1205 618 1411 682 quidem
1443 617 1538 667 hac
1565 616 1683 667 aura
1714 617 1830 665 frui-

72 703 211 737 mur,
244 684 565 734 indiffolubili
594 699 725 732 nexu
746 683 1073 748 phantasmati
1106 682 1357 731 allioatur:
1411 684 1463 731 <St
1492 678 1607 730 licet
1636 681 1753 729 huic
1779 682 1832 727 in

7 754 10 759 '
71 749 322 798 cerebello
343 750 558 796 tentoria
588 746 735 811 figas,
758 747 945 811 spiritus
968 759 1140 794 tamen
1160 720 1509 810 phantasmatis
1534 748 1584 794 <St
1602 744 1721 808 saepe
1749 742 1833 791 ba-

10 854 13 862 ,
70 812 182 871 iuli,
213 815 262 862 &
284 811 475 875 semper
494 810 656 859 solent
686 809 778 857 effe
798 823 1041 859 motores.
1110 812 1242 858 Hinc
1264 807 1298 856 fi
1318 810 1369 856 in
1397 807 1662 856 cerebrum
1683 820 1837 871 pene·

10 897 14 927 ι
71 887 228 929 trent,
253 876 439 939 puriori
460 873 651 922 excoffi
675 873 936 937 sanguine,
955 889 1063 921 non
1085 873 1172 921 nifi
1194 872 1408 920 ludicra:
1446 870 1480 919 si
1501 869 1836 919 melancholi-

11 983 14 990 Δ
70 954 136 987 co
159 941 258 987 nati
279 937 522 991 humore,
542 952 653 985 non
670 935 757 984 nifi
783 938 971 990 tetrica,
994 936 1072 985 vel
1090 938 1269 988 invito,
1294 933 1635 1000 phantasmata
1658 933 1832 981 obtru-

67 1001 202 1049 dent.
302 1001 351 1049 Si
374 1001 427 1049 in
445 999 671 1054 cerebro,
696 1002 863 1049 nativa
886 999 1183 1049 humiditate
1201 998 1455 1064 disposito,
1481 996 1741 1046 calidiores
1761 993 1831 1041 af-

0 1078 19 1117 ‘22
68 1063 225 1113 fluant
243 1063 429 1128 spiritus
444 1097 456 1117 ,
476 1062 655 1127 species
677 1062 879 1112 habebis
906 1063 969 1112 ad
987 1065 1256 1129 imperium
1279 1078 1427 1127 prom
1468 1073 1564 1110 tas:
1617 1059 1653 1109 si
1673 1061 1725 1107 in
1747 1056 1834 1106 fic·

0 1142 20 1186 μ
69 1143 134 1175 co
155 1126 450 1190 torpescant,
475 1128 730 1190 experieris
751 1127 1064 1175 cunCtantes:
1109 1125 1143 1174 fi
1169 1128 1221 1174 in
1250 1122 1385 1175 male
1455 1123 1681 1190 ispofito,
1709 1137 1835 1170 avo-

0 1189 20 1253 'Q
69 1190 204 1242 lent,
229 1190 308 1238 vel
329 1201 744 1252 corrumpantur,
764 1192 812 1238 ὃς
849 1188 1109 1236 fimulacra
1146 1191 1407 1252 corrumpi
1442 1187 1696 1236 necessum
1724 1182 1830 1233 est:

19 1256 22 1314 ff
69 1253 207 1301 unde
234 1252 428 1300 oblivio
445 1284 458 1306 ,
485 1267 639 1314 quam
668 1253 719 1299 in
741 1251 1037 1315 phreneticis
1068 1251 1233 1316 saepius
1263 1251 1590 1299 admiramur.
1689 1248 1834 1297 Alte-
1858 1252 2067 1304 Conimhr,

20 1332 23 1342 ·
70 1331 186 1364 rum
208 1315 500 1380 problema,
525 1315 668 1376 quod
690 1316 886 1366 attinet,
916 1315 1097 1377 ingenii
1128 1329 1346 1362 acumen
1374 1309 1506 1362 redte
1532 1310 1756 1361 statuitur
1777 1312 1827 1358 in
1848 1317 1989 1379 probl.
2019 1331 2068 1374 4.

23 1415 25 1426 2
67 1379 402 1439 promptitudine
427 1381 603 1429 mentis,
625 1392 707 1438 qua
721 1374 855 1434 facile
881 1379 1145 1426 invenimus,
1167 1390 1254 1437 quae
1274 1377 1440 1427 latent,
1471 1378 1662 1435 &super
1678 1378 1827 1421 inven-
1855 1384 1905 1428 de
1925 1396 2051 1426 mem,

24 1448 25 1452 ’
71 1454 117 1488 ta
135 1439 342 1502 profunde}
364 1439 644 1496 discurrimm.
747 1438 937 1486 Pendet
961 1450 1133 1486 autem
1154 1436 1260 1486 haee
1289 1439 1644 1502 promptitudo
1673 1438 1735 1485 ab
1758 1439 1829 1484 in-

26 1516 27 1521 ’
69 1516 333 1552 ternorum
355 1499 628 1550 ministerio
648 1499 875 1550 sensuum
890 1536 903 1551 ,
926 1497 1144 1549 maxime
1170 1499 1197 1550 a
1220 1500 1487 1552 facultatis,
1514 1516 1622 1563 quae
1645 1502 1832 1564 cogita-

70 1567 291 1617 tionibus
314 1565 560 1630 praesidet,
586 1565 818 1629 expeditis
844 1564 1114 1626 obsequiis,
1135 1565 1342 1628 quibus,
1370 1564 1668 1612 discurrente
1691 1563 1834 1612 intel-

70 1630 200 1678 Ιεᾶιι
215 1663 226 1682 ,
253 1629 415 1693 &ipsa
435 1627 772 1693 particularius
794 1630 922 1676 circa
945 1627 1134 1692 lingula
1158 1628 1405 1677 discurrit:
1443 1628 1542 1684 jam
1563 1625 1685 1676 vero
1709 1625 1830 1675 cum

29 1712 33 1721 ⁴
71 1692 269 1741 durities
300 1691 513 1745 cerebri,
535 1706 642 1753 quae
671 1706 840 1739 rerum
880 1691 1018 1740 idola
1049 1691 1270 1741 tenacius
1296 1693 1475 1740 retinet
1497 1724 1511 1745 ,
1539 1692 1831 1740 facultatem

30 1762 35 1807 ὲ
69 1754 200 1804 hanc
228 1766 512 1804 remoretur
528 1787 540 1808 ,
561 1754 790 1818 colliges,
814 1751 867 1803 ni
896 1754 1072 1809 fallor,
1091 1755 1373 1818 quomodo
1399 1756 1660 1819 ingenium
1680 1754 1832 1803 hebe-

32 1844 35 1871 ι,
70 1831 166 1871 tet,
194 1818 245 1866 id
266 1817 422 1882 ipsum
447 1818 590 1879 quod
611 1821 919 1867 memoriam
941 1818 1090 1867 efficit
1112 1820 1415 1868 diuturnam.
1517 1818 1607 1867 Ad
1626 1820 1832 1866 tertium
1858 1811 2071 1870 Probl.13

73 1881 242 1930 audire
259 1882 425 1929 lubeat
447 1882 911 1932 Conimbricenses:
948 1882 1055 1936 etfi,
1079 1882 1269 1930 horum
1292 1882 1495 1939 judicio,
1520 1884 1836 1946 imaginatio-

36 1970 37 1976 *
74 1960 195 1994 nem
215 1957 362 2007 atque
383 1948 706 1999 memoriam,
720 1948 770 1994 in
791 1947 979 1994 eodem
998 1946 1188 1994 cerebri
1208 1946 1477 1994 domicilio
1499 1946 1739 1997 colloces,
1756 1961 1839 2010 pe-

37 2048 39 2057 .
76 2008 262 2057 netrale
289 2020 459 2058 tamen
491 2012 634 2058 unius
666 2009 883 2060 siccum,
911 2013 960 2059 ὅ(
993 2010 1188 2057 alterius
1213 2008 1306 2057 effe
1324 2011 1510 2073 poterit
1532 2008 1833 2057 humidum:

0 2120 2 2126 ,
38 2073 42 2132 1
76 2071 211 2121 unde
234 2075 618 2135 temperamenti
640 2075 886 2127 mutatio⁷
907 2088 1015 2135 quae
1045 2072 1112 2120 sat
1134 2068 1203 2120 est
1234 2071 1297 2120 acl
1325 2072 1632 2121 turbandum
1661 2074 1835 2136 imagi-

0 2183 6 2191 ,
40 2157 45 2164 ·
76 2133 231 2184 nandi
253 2132 508 2187 officium,
536 2150 645 2184 non
666 2133 915 2185 continuo
943 2134 1118 2184 sufficit
1145 2135 1207 2183 ad
1233 2134 1550 2184 retardandas
1569 2139 1834 2185 memoriae

0 2232 5 2265 ;
34 2243 45 2265 3
77 2197 380 2247 funffiones.
449 2197 538 2245 Ad
558 2198 793 2247 ultimum
814 2199 1175 2262 denique,toto
1192 2199 1332 2247 collo
1353 2198 1643 2263 negandum
1662 2202 1712 2249 ὅ(
1729 2215 1836 2264 per-

21 2275 46 2318 ς,
77 2260 366 2326 negandum
380 2294 392 2314 ,
413 2262 464 2308 in
484 2263 745 2310 memoria:
767 2261 1000 2311 thesauris
1019 2262 1278 2326 quidpiam
1308 2262 1459 2310 latere
1482 2263 1805 2311 reconditum
1819 2296 1836 2316 ,

23 2342 25 2373 1
79 2324 222 2388 quod
251 2320 528 2371 ministerio
549 2323 777 2373 sensuum
799 2341 907 2374 non
937 2325 1199 2374 debeatur:
1255 2341 1416 2376 novas
1446 2328 1687 2391 imagines
1718 2327 1833 2374 diei-

47 2436 51 2446 ,
79 2404 216 2441 mus,
239 2402 363 2450 quas
387 2389 588 2436 noviter
609 2387 919 2438 combinatas
952 2388 1131 2437 melius
1165 2388 1460 2438 diceremus,
1561 2392 1708 2453 Finge
1742 2389 1831 2435 tibi

0 2493 8 2509 ι
82 2450 363 2505 Orbilium,
384 2448 605 2499 aliumve
623 2452 675 2499 in
698 2449 988 2515 Magistratu
1018 2452 1324 2516 gramaticali
1347 2464 1581 2518 togatum
1600 2455 1796 2502 Patrem
1810 2468 1824 2495 .-

0 2551 9 2583 3,
51 2544 53 2558 =
86 2528 273 2578 quaere,
300 2513 434 2563 unde
451 2514 521 2562 illi
544 2525 625 2563 tot
654 2517 895 2569 nomina,
926 2516 1049 2564 nulli
1075 2516 1346 2566 intelle6³mi
1372 2517 1441 2564 sat
1468 2513 1783 2566 nominanda
1802 2514 1825 2560 ,ἓ

88 2579 138 2632 1&
158 2577 223 2629 ad
239 2578 500 2632 summum
518 2593 630 2629 non
645 2577 733 2630 nisi
749 2591 829 2638 24.
850 2579 1032 2631 litteras
1058 2581 1111 2630 in
1127 2579 1357 2634 medium
1378 2580 1626 2646 proferet,
1646 2576 1824 2639 quibus

1657 2654 1770 2692 non

0 2614 11 2648 Β·
