<?xml version="1.0" encoding="UTF-8"?>
<!DOCTYPE html PUBLIC "-//W3C//DTD XHTML 1.0 Transitional//EN"
    "http://www.w3.org/TR/xhtml1/DTD/xhtml1-transitional.dtd">
<html xmlns="http://www.w3.org/1999/xhtml" xml:lang="en" lang="en">
 <head>
  <title>
</title>
<meta http-equiv="Content-Type" content="text/html;charset=utf-8" />
  <meta name='ocr-system' content='tesseract 3.04.00' />
  <meta name='ocr-capabilities' content='ocr_page ocr_carea ocr_par ocr_line ocrx_word'/>
</head>
<body>
  <div class='ocr_page' id='page_1' title='image "./nostritemporisph00schw/nostritemporisph00schw_0513.png"; bbox 0 0 2175 2911; ppageno 0'>
   <div class='ocr_carea' id='block_1_1' title="bbox 684 130 1702 195">
    <p class='ocr_par' dir='ltr' id='par_1_1' title="bbox 684 130 1702 195">
     <span class='ocr_line' id='line_1_1' title="bbox 684 130 1702 195; baseline -0.002 -13"><span class='ocrx_word' id='word_1_1' title='bbox 684 132 864 195; x_wconf 75' lang='lat' dir='ltr'>Oedipus·</span> <span class='ocrx_word' id='word_1_2' title='bbox 891 130 1099 195; x_wconf 75' lang='lat' dir='ltr'>Phyficus.</span> <span class='ocrx_word' id='word_1_3' title='bbox 1605 140 1669 181; x_wconf 84' lang='lat'>&#39;21</span> <span class='ocrx_word' id='word_1_4' title='bbox 1686 148 1702 180; x_wconf 81' lang='lat'>1</span> 
     </span>
    </p>
   </div>
   <div class='ocr_carea' id='block_1_2' title="bbox 0 220 2058 2686">
    <p class='ocr_par' dir='ltr' id='par_1_2' title="bbox 15 220 2024 977">
     <span class='ocr_line' id='line_1_2' title="bbox 16 220 1989 291; baseline -0.001 -16"><span class='ocrx_word' id='word_1_5' title='bbox 16 226 166 276; x_wconf 82' lang='lat' dir='ltr'>ciant.</span> <span class='ocrx_word' id='word_1_6' title='bbox 233 225 532 291; x_wconf 84' lang='lat' dir='ltr'>Tyrannum</span> <span class='ocrx_word' id='word_1_7' title='bbox 564 224 772 274; x_wconf 88' lang='lat' dir='ltr'>unicum</span> <span class='ocrx_word' id='word_1_8' title='bbox 791 221 1016 289; x_wconf 87' lang='lat' dir='ltr'>produnt</span> <span class='ocrx_word' id='word_1_9' title='bbox 1034 220 1246 275; x_wconf 84' lang='lat' dir='ltr'>historiae</span> <span class='ocrx_word' id='word_1_10' title='bbox 1262 258 1275 280; x_wconf 83' lang='lat'>‚</span> <span class='ocrx_word' id='word_1_11' title='bbox 1295 227 1380 288; x_wconf 86' lang='lat' dir='ltr'>qni</span> <span class='ocrx_word' id='word_1_12' title='bbox 1397 221 1566 290; x_wconf 75' lang='lat' dir='ltr'>primo</span> <span class='ocrx_word' id='word_1_13' title='bbox 1587 224 1770 274; x_wconf 87' lang='lat' dir='ltr'>sermo·</span> <span class='ocrx_word' id='word_1_14' title='bbox 1804 235 1989 287; x_wconf 64' lang='lat' dir='ltr'>Drexet,</span> 
     </span>
     <span class='ocr_line' id='line_1_3' title="bbox 19 286 1906 352; baseline -0.001 -14"><span class='ocrx_word' id='word_1_15' title='bbox 19 305 169 345; x_wconf 87' lang='lat' dir='ltr'>nem,</span> <span class='ocrx_word' id='word_1_16' title='bbox 193 289 374 339; x_wconf 88' lang='lat' dir='ltr'>deinde</span> <span class='ocrx_word' id='word_1_17' title='bbox 401 301 576 340; x_wconf 82' lang='lat' dir='ltr'>nutus,</span> <span class='ocrx_word' id='word_1_18' title='bbox 600 287 809 336; x_wconf 88' lang='lat' dir='ltr'>demum</span> <span class='ocrx_word' id='word_1_19' title='bbox 835 291 884 336; x_wconf 87' lang='lat'>&amp;</span> <span class='ocrx_word' id='word_1_20' title='bbox 907 286 1148 350; x_wconf 79' lang='lat' dir='ltr'><strong>lacrymas</strong></span> <span class='ocrx_word' id='word_1_21' title='bbox 1172 289 1397 350; x_wconf 79' lang='lat' dir='ltr'>vetabat,</span> <span class='ocrx_word' id='word_1_22' title='bbox 1422 304 1529 336; x_wconf 89' lang='lat' dir='ltr'>non</span> <span class='ocrx_word' id='word_1_23' title='bbox 1555 291 1769 352; x_wconf 79' lang='lat' dir='ltr'>ignarus,</span> <span class='ocrx_word' id='word_1_24' title='bbox 1805 301 1906 349; x_wconf 44' lang='lat' dir='ltr'>ac„</span> 
     </span>
     <span class='ocr_line' id='line_1_4' title="bbox 19 348 1773 416; baseline -0.001 -16"><span class='ocrx_word' id='word_1_25' title='bbox 19 352 88 400; x_wconf 90' lang='lat' dir='ltr'>sat</span> <span class='ocrx_word' id='word_1_26' title='bbox 107 352 310 401; x_wconf 90' lang='lat' dir='ltr'>miseros</span> <span class='ocrx_word' id='word_1_27' title='bbox 329 352 441 400; x_wconf 87' lang='lat' dir='ltr'>fore</span> <span class='ocrx_word' id='word_1_28' title='bbox 467 350 723 404; x_wconf 84' lang='lat' dir='ltr'>mortales,</span> <span class='ocrx_word' id='word_1_29' title='bbox 744 350 777 399; x_wconf 83' lang='lat' dir='ltr'>si</span> <span class='ocrx_word' id='word_1_30' title='bbox 799 352 949 398; x_wconf 88' lang='lat' dir='ltr'>etiam</span> <span class='ocrx_word' id='word_1_31' title='bbox 971 348 1076 398; x_wconf 87' lang='lat' dir='ltr'>suas</span> <span class='ocrx_word' id='word_1_32' title='bbox 1096 350 1279 399; x_wconf 85' lang='lat' dir='ltr'>deflere</span> <span class='ocrx_word' id='word_1_33' title='bbox 1307 350 1520 400; x_wconf 80' lang='lat' dir='ltr'>miserias</span> <span class='ocrx_word' id='word_1_34' title='bbox 1539 350 1773 416; x_wconf 87' lang='lat' dir='ltr'>prohibe-</span> 
     </span>
     <span class='ocr_line' id='line_1_5' title="bbox 20 410 1773 478; baseline -0.001 -16"><span class='ocrx_word' id='word_1_35' title='bbox 20 427 207 464; x_wconf 79' lang='lat' dir='ltr'>rentur.</span> <span class='ocrx_word' id='word_1_36' title='bbox 277 413 529 463; x_wconf 68' lang='lat' dir='ltr'>Hatstenus</span> <span class='ocrx_word' id='word_1_37' title='bbox 556 414 782 478; x_wconf 84' lang='lat' dir='ltr'>Oedipus</span> <span class='ocrx_word' id='word_1_38' title='bbox 796 410 1049 476; x_wconf 82' lang='lat' dir='ltr'>Phyfieus:</span> <span class='ocrx_word' id='word_1_39' title='bbox 1088 411 1230 474; x_wconf 77' lang='lat' dir='ltr'>quod</span> <span class='ocrx_word' id='word_1_40' title='bbox 1249 414 1283 462; x_wconf 91' lang='lat' dir='ltr'>s1</span> <span class='ocrx_word' id='word_1_41' title='bbox 1297 413 1530 462; x_wconf 86' lang='lat' dir='ltr'>Ethicum</span> <span class='ocrx_word' id='word_1_42' title='bbox 1552 414 1773 478; x_wconf 81' lang='lat' dir='ltr'>explora-</span> 
     </span>
     <span class='ocr_line' id='line_1_6' title="bbox 21 475 1775 541; baseline -0.001 -15"><span class='ocrx_word' id='word_1_43' title='bbox 21 493 113 530; x_wconf 86' lang='lat' dir='ltr'>res,</span> <span class='ocrx_word' id='word_1_44' title='bbox 127 479 338 540; x_wconf 78' lang='lat' dir='ltr'>aenigma</span> <span class='ocrx_word' id='word_1_45' title='bbox 362 477 609 526; x_wconf 74' lang='lat' dir='ltr'>solverem</span> <span class='ocrx_word' id='word_1_46' title='bbox 635 492 723 541; x_wconf 91' lang='lat' dir='ltr'>per</span> <span class='ocrx_word' id='word_1_47' title='bbox 745 476 1014 526; x_wconf 88' lang='lat' dir='ltr'>emblema.</span> <span class='ocrx_word' id='word_1_48' title='bbox 1082 475 1340 527; x_wconf 84' lang='lat' dir='ltr'>Phoebum</span> <span class='ocrx_word' id='word_1_49' title='bbox 1361 476 1566 541; x_wconf 81' lang='lat' dir='ltr'>Sphingi</span> <span class='ocrx_word' id='word_1_50' title='bbox 1587 492 1775 541; x_wconf 46' lang='lat' dir='ltr'>propo*</span> 
     </span>
     <span class='ocr_line' id='line_1_7' title="bbox 20 536 1775 603; baseline -0.001 -16"><span class='ocrx_word' id='word_1_51' title='bbox 20 554 221 592; x_wconf 84' lang='lat' dir='ltr'>nerem,</span> <span class='ocrx_word' id='word_1_52' title='bbox 248 542 334 602; x_wconf 88' lang='lat' dir='ltr'>qui</span> <span class='ocrx_word' id='word_1_53' title='bbox 354 539 418 589; x_wconf 85' lang='lat' dir='ltr'>fic</span> <span class='ocrx_word' id='word_1_54' title='bbox 439 542 567 590; x_wconf 85' lang='lat' dir='ltr'>intra</span> <span class='ocrx_word' id='word_1_55' title='bbox 591 539 747 588; x_wconf 90' lang='lat' dir='ltr'>nubes</span> <span class='ocrx_word' id='word_1_56' title='bbox 767 539 972 588; x_wconf 87' lang='lat' dir='ltr'>haereret</span> <span class='ocrx_word' id='word_1_57' title='bbox 993 536 1310 588; x_wconf 85' lang='lat' dir='ltr'>absconditus</span> <span class='ocrx_word' id='word_1_58' title='bbox 1327 573 1337 592; x_wconf 91' lang='lat'>‚</span> <span class='ocrx_word' id='word_1_59' title='bbox 1362 552 1414 587; x_wconf 87' lang='lat' dir='ltr'>ut</span> <span class='ocrx_word' id='word_1_60' title='bbox 1438 555 1494 587; x_wconf 88' lang='lat' dir='ltr'>ex</span> <span class='ocrx_word' id='word_1_61' title='bbox 1517 555 1614 587; x_wconf 90' lang='lat' dir='ltr'>una</span> <span class='ocrx_word' id='word_1_62' title='bbox 1638 551 1775 603; x_wconf 86' lang='lat' dir='ltr'>parte</span> 
     </span>
     <span class='ocr_line' id='line_1_8' title="bbox 21 600 1775 668; baseline -0.001 -17"><span class='ocrx_word' id='word_1_63' title='bbox 21 602 308 651; x_wconf 82' lang='lat' dir='ltr'>demitteret</span> <span class='ocrx_word' id='word_1_64' title='bbox 331 603 548 668; x_wconf 85' lang='lat' dir='ltr'>pluvias,</span> <span class='ocrx_word' id='word_1_65' title='bbox 571 618 628 652; x_wconf 84' lang='lat' dir='ltr'>ex</span> <span class='ocrx_word' id='word_1_66' title='bbox 656 604 808 653; x_wconf 85' lang='lat' dir='ltr'>altera</span> <span class='ocrx_word' id='word_1_67' title='bbox 824 605 1036 653; x_wconf 82' lang='lat' dir='ltr'>Terram</span> <span class='ocrx_word' id='word_1_68' title='bbox 1065 600 1232 650; x_wconf 68' lang='lat' dir='ltr'>serena</span> <span class='ocrx_word' id='word_1_69' title='bbox 1262 603 1430 652; x_wconf 87' lang='lat' dir='ltr'>fronte</span> <span class='ocrx_word' id='word_1_70' title='bbox 1460 601 1775 651; x_wconf 82' lang='lat' dir='ltr'>exhilararet:</span> 
     </span>
     <span class='ocr_line' id='line_1_9' title="bbox 23 665 1779 730; baseline 0 -17"><span class='ocrx_word' id='word_1_71' title='bbox 23 665 157 714; x_wconf 73' lang='lat' dir='ltr'>lema</span> <span class='ocrx_word' id='word_1_72' title='bbox 178 681 516 730; x_wconf 83' lang='lat' dir='ltr'>apponerem:</span> <span class='ocrx_word' id='word_1_73' title='bbox 547 668 689 728; x_wconf 81' lang='lat' dir='ltr'>pluit,</span> <span class='ocrx_word' id='word_1_74' title='bbox 716 666 1042 729; x_wconf 70' lang='lat' dir='ltr'>atquefierenat.</span> <span class='ocrx_word' id='word_1_75' title='bbox 1111 665 1240 713; x_wconf 88' lang='lat' dir='ltr'>Mox</span> <span class='ocrx_word' id='word_1_76' title='bbox 1261 666 1526 715; x_wconf 87' lang='lat' dir='ltr'>clariorem</span> <span class='ocrx_word' id='word_1_77' title='bbox 1547 668 1779 728; x_wconf 69' lang='lat' dir='ltr'>aenigma-</span> 
     </span>
     <span class='ocr_line' id='line_1_10' title="bbox 23 711 2024 793; baseline -0.001 -17"><span class='ocrx_word' id='word_1_78' title='bbox 23 731 60 776; x_wconf 87' lang='lat' dir='ltr'>ti</span> <span class='ocrx_word' id='word_1_79' title='bbox 74 728 394 778; x_wconf 69' lang='lat' dir='ltr'>anne&amp;erem</span> <span class='ocrx_word' id='word_1_80' title='bbox 407 730 732 784; x_wconf 84' lang='lat' dir='ltr'>solutionem,</span> <span class='ocrx_word' id='word_1_81' title='bbox 752 730 845 780; x_wconf 90' lang='lat' dir='ltr'>illis</span> <span class='ocrx_word' id='word_1_82' title='bbox 862 730 1125 793; x_wconf 86' lang='lat' dir='ltr'>Scripturae</span> <span class='ocrx_word' id='word_1_83' title='bbox 1141 727 1303 778; x_wconf 88' lang='lat' dir='ltr'>verbis</span> <span class='ocrx_word' id='word_1_84' title='bbox 1321 747 1333 774; x_wconf 93' lang='grc'>.·</span> <span class='ocrx_word' id='word_1_85' title='bbox 1370 728 1668 783; x_wconf 81' lang='lat' dir='ltr'>Testimonium</span> <span class='ocrx_word' id='word_1_86' title='bbox 1682 730 1781 776; x_wconf 82' lang='lat' dir='ltr'>Con·</span> <span class='ocrx_word' id='word_1_87' title='bbox 1814 726 1857 760; x_wconf 84' lang='lat'>2·</span> <span class='ocrx_word' id='word_1_88' title='bbox 1871 711 1948 761; x_wconf 54' lang='lat'>(⁸⁰²⁴</span> <span class='ocrx_word' id='word_1_89' title='bbox 1961 720 2000 759; x_wconf 76' lang='lat'>·¹</span> <span class='ocrx_word' id='word_1_90' title='bbox 2013 747 2024 757; x_wconf 84' lang='lat'><strong>·</strong></span> 
     </span>
     <span class='ocr_line' id='line_1_11' title="bbox 15 789 1960 850; baseline 0.002 -13"><span class='ocrx_word' id='word_1_91' title='bbox 15 791 229 850; x_wconf 58' lang='lat' dir='ltr'>scientiae:</span> <span class='ocrx_word' id='word_1_92' title='bbox 297 794 437 842; x_wconf 89' lang='lat' dir='ltr'>Nam</span> <span class='ocrx_word' id='word_1_93' title='bbox 1812 794 1861 824; x_wconf 68' lang='lat' dir='ltr'>v·</span> <span class='ocrx_word' id='word_1_94' title='bbox 1888 789 1960 823; x_wconf 78' lang='lat'>1²·</span> 
     </span>
     <span class='ocr_line' id='line_1_12' title="bbox 245 850 1306 913; baseline -0.003 -12"><span class='ocrx_word' id='word_1_95' title='bbox 245 857 292 904; x_wconf 81' lang='lat' dir='ltr'>Si</span> <span class='ocrx_word' id='word_1_96' title='bbox 311 853 422 901; x_wconf 81' lang='lat' dir='ltr'>bona</span> <span class='ocrx_word' id='word_1_97' title='bbox 444 854 624 906; x_wconf 81' lang='lat' dir='ltr'>ridebis,</span> <span class='ocrx_word' id='word_1_98' title='bbox 640 854 679 913; x_wconf 84' lang='lat' dir='ltr'><em>fi</em></span> <span class='ocrx_word' id='word_1_99' title='bbox 697 856 828 901; x_wconf 80' lang='lat' dir='ltr'>Mens</span> <span class='ocrx_word' id='word_1_100' title='bbox 843 854 955 902; x_wconf 62' lang='lat' dir='ltr'>mal&amp;</span> <span class='ocrx_word' id='word_1_101' title='bbox 979 853 1134 909; x_wconf 74' lang='lat' dir='ltr'>confiz‘a</span> <span class='ocrx_word' id='word_1_102' title='bbox 1151 850 1306 913; x_wconf 80' lang='lat' dir='ltr'>flebis:</span> 
     </span>
     <span class='ocr_line' id='line_1_13' title="bbox 375 913 1406 977; baseline 0 -14"><span class='ocrx_word' id='word_1_103' title='bbox 375 919 546 964; x_wconf 82' lang='lat' dir='ltr'><em>Mirum</em></span> <span class='ocrx_word' id='word_1_104' title='bbox 559 921 579 962; x_wconf 75' lang='grc' dir='ltr'><em>Ι</em></span> <span class='ocrx_word' id='word_1_105' title='bbox 598 933 678 963; x_wconf 79' lang='lat' dir='ltr'>uno</span> <span class='ocrx_word' id='word_1_106' title='bbox 698 918 817 964; x_wconf 86' lang='lat' dir='ltr'>dolor</span> <span class='ocrx_word' id='word_1_107' title='bbox 829 952 842 969; x_wconf 92' lang='lat'><em>,</em></span> <span class='ocrx_word' id='word_1_108' title='bbox 866 918 926 964; x_wconf 61' lang='grc' dir='ltr'>(ἴθ’</span> <span class='ocrx_word' id='word_1_109' title='bbox 939 918 1100 977; x_wconf 77' lang='lat' dir='ltr'>gaudia</span> <span class='ocrx_word' id='word_1_110' title='bbox 1112 914 1236 974; x_wconf 79' lang='lat' dir='ltr'>fbnte</span> <span class='ocrx_word' id='word_1_111' title='bbox 1245 913 1406 975; x_wconf 79' lang='lat' dir='ltr'>fluunt.</span> 
     </span>
    </p>

    <p class='ocr_par' dir='ltr' id='par_1_3' title="bbox 0 977 2058 2673">
     <span class='ocr_line' id='line_1_14' title="bbox 154 977 1791 1044; baseline 0 -15"><span class='ocrx_word' id='word_1_112' title='bbox 154 979 353 1032; x_wconf 88' lang='lat' dir='ltr'><strong>LEUC:</strong></span> <span class='ocrx_word' id='word_1_113' title='bbox 422 980 561 1029; x_wconf 86' lang='lat' dir='ltr'>Bene</span> <span class='ocrx_word' id='word_1_114' title='bbox 582 979 735 1028; x_wconf 88' lang='lat' dir='ltr'>habet</span> <span class='ocrx_word' id='word_1_115' title='bbox 759 998 770 1027; x_wconf 90' lang='lat'><strong>:</strong></span> <span class='ocrx_word' id='word_1_116' title='bbox 794 980 1008 1029; x_wconf 89' lang='lat' dir='ltr'>solventi</span> <span class='ocrx_word' id='word_1_117' title='bbox 1026 981 1292 1044; x_wconf 83' lang='lat' dir='ltr'>praemium</span> <span class='ocrx_word' id='word_1_118' title='bbox 1319 979 1458 1029; x_wconf 87' lang='lat' dir='ltr'>dabit</span> <span class='ocrx_word' id='word_1_119' title='bbox 1475 977 1662 1043; x_wconf 85' lang='lat' dir='ltr'>Sphinx</span> <span class='ocrx_word' id='word_1_120' title='bbox 1680 979 1791 1030; x_wconf 88' lang='lat' dir='ltr'>Phi-</span> 
     </span>
     <span class='ocr_line' id='line_1_15' title="bbox 0 1039 1792 1107; baseline -0.001 -14"><span class='ocrx_word' id='word_1_121' title='bbox 0 1083 1 1086; x_wconf 19' lang='lat'><em>*</em></span> <span class='ocrx_word' id='word_1_122' title='bbox 25 1042 302 1107; x_wconf 82' lang='lat' dir='ltr'>Iosophiea.</span> <span class='ocrx_word' id='word_1_123' title='bbox 343 1040 515 1093; x_wconf 80' lang='lat' dir='ltr'>Modo</span> <span class='ocrx_word' id='word_1_124' title='bbox 528 1040 637 1090; x_wconf 80' lang='lat' dir='ltr'>satis</span> <span class='ocrx_word' id='word_1_125' title='bbox 657 1039 1009 1092; x_wconf 85' lang='lat' dir='ltr'>monstrorum</span> <span class='ocrx_word' id='word_1_126' title='bbox 1032 1039 1101 1088; x_wconf 91' lang='lat' dir='ltr'>est</span> <span class='ocrx_word' id='word_1_127' title='bbox 1122 1058 1134 1088; x_wconf 72' lang='grc' dir='ltr'><em>ε</em></span> <span class='ocrx_word' id='word_1_128' title='bbox 1170 1042 1239 1089; x_wconf 89' lang='lat' dir='ltr'>sat</span> <span class='ocrx_word' id='word_1_129' title='bbox 1262 1041 1556 1090; x_wconf 78' lang='lat' dir='ltr'>excussimus</span> <span class='ocrx_word' id='word_1_130' title='bbox 1575 1042 1792 1107; x_wconf 83' lang='lat' dir='ltr'>Phyficae</span> 
     </span>
     <span class='ocr_line' id='line_1_16' title="bbox 0 1104 1797 1169; baseline -0.001 -13"><span class='ocrx_word' id='word_1_131' title='bbox 0 1120 5 1169; x_wconf 65' lang='lat'>3</span> <span class='ocrx_word' id='word_1_132' title='bbox 27 1107 239 1156; x_wconf 88' lang='lat' dir='ltr'>latebras</span> <span class='ocrx_word' id='word_1_133' title='bbox 255 1138 267 1159; x_wconf 83' lang='lat'>‚</span> <span class='ocrx_word' id='word_1_134' title='bbox 290 1108 339 1155; x_wconf 72' lang='grc' dir='ltr'>ὅ(</span> <span class='ocrx_word' id='word_1_135' title='bbox 355 1104 640 1158; x_wconf 86' lang='lat' dir='ltr'>Chimaeris‚</span> <span class='ocrx_word' id='word_1_136' title='bbox 666 1119 724 1153; x_wconf 90' lang='lat' dir='ltr'>ae</span> <span class='ocrx_word' id='word_1_137' title='bbox 744 1105 1165 1169; x_wconf 87' lang='lat' dir='ltr'>Hippocentauris</span> <span class='ocrx_word' id='word_1_138' title='bbox 1184 1116 1477 1169; x_wconf 80' lang='lat' dir='ltr'>purgatum,</span> <span class='ocrx_word' id='word_1_139' title='bbox 1516 1119 1658 1160; x_wconf 88' lang='lat' dir='ltr'>reor,</span> <span class='ocrx_word' id='word_1_140' title='bbox 1684 1106 1797 1155; x_wconf 87' lang='lat' dir='ltr'>Phi-</span> 
     </span>
     <span class='ocr_line' id='line_1_17' title="bbox 2 1166 1794 1234; baseline 0.002 -19"><span class='ocrx_word' id='word_1_141' title='bbox 2 1170 9 1217; x_wconf 67' lang='lat' dir='ltr'>l,</span> <span class='ocrx_word' id='word_1_142' title='bbox 29 1168 350 1234; x_wconf 87' lang='lat' dir='ltr'>losophieum</span> <span class='ocrx_word' id='word_1_143' title='bbox 363 1166 822 1232; x_wconf 86' lang='lat' dir='ltr'>theriotropheum.</span> <span class='ocrx_word' id='word_1_144' title='bbox 891 1170 1048 1214; x_wconf 89' lang='lat' dir='ltr'><em>MEL:</em></span> <span class='ocrx_word' id='word_1_145' title='bbox 1069 1169 1162 1217; x_wconf 85' lang='lat' dir='ltr'>Nae</span> <span class='ocrx_word' id='word_1_146' title='bbox 1175 1181 1231 1216; x_wconf 88' lang='lat' dir='ltr'>tu</span> <span class='ocrx_word' id='word_1_147' title='bbox 1249 1168 1423 1217; x_wconf 86' lang='lat' dir='ltr'>leviter</span> <span class='ocrx_word' id='word_1_148' title='bbox 1441 1168 1529 1217; x_wconf 90' lang='lat' dir='ltr'>tibi</span> <span class='ocrx_word' id='word_1_149' title='bbox 1547 1169 1794 1224; x_wconf 83' lang='lat' dir='ltr'>satisfacis,</span> 
     </span>
     <span class='ocr_line' id='line_1_18' title="bbox 0 1227 1797 1295; baseline -0.001 -14"><span class='ocrx_word' id='word_1_150' title='bbox 0 1233 11 1286; x_wconf 60' lang='lat'>135</span> <span class='ocrx_word' id='word_1_151' title='bbox 29 1245 275 1295; x_wconf 79' lang='lat' dir='ltr'>tyronum</span> <span class='ocrx_word' id='word_1_152' title='bbox 295 1245 468 1278; x_wconf 87' lang='lat' dir='ltr'>more:</span> <span class='ocrx_word' id='word_1_153' title='bbox 501 1231 580 1279; x_wconf 87' lang='lat' dir='ltr'>vix</span> <span class='ocrx_word' id='word_1_154' title='bbox 599 1227 840 1294; x_wconf 88' lang='lat' dir='ltr'>inspexisti</span> <span class='ocrx_word' id='word_1_155' title='bbox 863 1229 959 1279; x_wconf 86' lang='lat' dir='ltr'>hos</span> <span class='ocrx_word' id='word_1_156' title='bbox 981 1230 1151 1284; x_wconf 87' lang='lat' dir='ltr'>saltus,</span> <span class='ocrx_word' id='word_1_157' title='bbox 1171 1233 1223 1280; x_wconf 72' lang='grc' dir='ltr'>δε</span> <span class='ocrx_word' id='word_1_158' title='bbox 1242 1230 1484 1279; x_wconf 89' lang='lat' dir='ltr'>debellata</span> <span class='ocrx_word' id='word_1_159' title='bbox 1500 1265 1513 1286; x_wconf 91' lang='lat'>‚</span> <span class='ocrx_word' id='word_1_160' title='bbox 1537 1235 1707 1294; x_wconf 89' lang='lat' dir='ltr'>primo</span> <span class='ocrx_word' id='word_1_161' title='bbox 1724 1235 1797 1280; x_wconf 87' lang='lat' dir='ltr'>in-</span> 
     </span>
     <span class='ocr_line' id='line_1_19' title="bbox 3 1290 1797 1358; baseline 0 -14"><span class='ocrx_word' id='word_1_162' title='bbox 3 1303 13 1356; x_wconf 54' lang='lat'>{¹</span> <span class='ocrx_word' id='word_1_163' title='bbox 28 1296 160 1344; x_wconf 87' lang='lat' dir='ltr'>tuitu</span> <span class='ocrx_word' id='word_1_164' title='bbox 175 1325 189 1348; x_wconf 86' lang='lat'>,</span> <span class='ocrx_word' id='word_1_165' title='bbox 211 1293 370 1342; x_wconf 85' lang='lat' dir='ltr'>eredis</span> <span class='ocrx_word' id='word_1_166' title='bbox 382 1295 585 1342; x_wconf 86' lang='lat' dir='ltr'>Naturae</span> <span class='ocrx_word' id='word_1_167' title='bbox 601 1290 844 1341; x_wconf 68' lang='lat' dir='ltr'>monstra,</span> <span class='ocrx_word' id='word_1_168' title='bbox 894 1293 1035 1358; x_wconf 84' lang='lat' dir='ltr'>Qid</span> <span class='ocrx_word' id='word_1_169' title='bbox 1053 1292 1087 1341; x_wconf 83' lang='lat' dir='ltr'>fi</span> <span class='ocrx_word' id='word_1_170' title='bbox 1101 1294 1326 1357; x_wconf 84' lang='lat' dir='ltr'>Stagirita</span> <span class='ocrx_word' id='word_1_171' title='bbox 1344 1294 1433 1343; x_wconf 87' lang='lat' dir='ltr'>tibi</span> <span class='ocrx_word' id='word_1_172' title='bbox 1458 1295 1700 1353; x_wconf 78' lang='lat' dir='ltr'>obiiceret</span> <span class='ocrx_word' id='word_1_173' title='bbox 1714 1328 1727 1350; x_wconf 89' lang='lat'>,</span> <span class='ocrx_word' id='word_1_174' title='bbox 1740 1293 1797 1344; x_wconf 71' lang='lat' dir='ltr'>ut</span> 
     </span>
     <span class='ocr_line' id='line_1_20' title="bbox 5 1355 1796 1422; baseline 0.001 -16"><span class='ocrx_word' id='word_1_175' title='bbox 5 1356 301 1422; x_wconf 42' lang='lat' dir='ltr'>tquondam</span> <span class='ocrx_word' id='word_1_176' title='bbox 316 1357 545 1409; x_wconf 83' lang='lat' dir='ltr'>Platoni,</span> <span class='ocrx_word' id='word_1_177' title='bbox 573 1355 697 1404; x_wconf 88' lang='lat' dir='ltr'>illud</span> <span class='ocrx_word' id='word_1_178' title='bbox 718 1356 1002 1419; x_wconf 87' lang='lat' dir='ltr'>adynaton:</span> <span class='ocrx_word' id='word_1_179' title='bbox 1029 1355 1189 1412; x_wconf 81' lang='lat' dir='ltr'>sursum</span> <span class='ocrx_word' id='word_1_180' title='bbox 1202 1355 1417 1416; x_wconf 80' lang='lat' dir='ltr'>flumina?</span> <span class='ocrx_word' id='word_1_181' title='bbox 1453 1356 1488 1405; x_wconf 79' lang='lat' dir='ltr'>si</span> <span class='ocrx_word' id='word_1_182' title='bbox 1512 1359 1796 1421; x_wconf 82' lang='lat' dir='ltr'>indagaret,</span> 
     </span>
     <span class='ocr_line' id='line_1_21' title="bbox 7 1414 1796 1484; baseline -0.001 -12"><span class='ocrx_word' id='word_1_183' title='bbox 7 1425 16 1471; x_wconf 66' lang='lat' dir='ltr'>i«</span> <span class='ocrx_word' id='word_1_184' title='bbox 35 1435 143 1484; x_wconf 90' lang='lat' dir='ltr'>quo</span> <span class='ocrx_word' id='word_1_185' title='bbox 167 1419 316 1484; x_wconf 69' lang='lat' dir='ltr'>pasto</span> <span class='ocrx_word' id='word_1_186' title='bbox 345 1433 474 1481; x_wconf 83' lang='lat' dir='ltr'>aqua</span> <span class='ocrx_word' id='word_1_187' title='bbox 492 1420 653 1483; x_wconf 82' lang='lat' dir='ltr'>gravis</span> <span class='ocrx_word' id='word_1_188' title='bbox 668 1414 696 1467; x_wconf 78' lang='grc' dir='ltr'>ὲ</span> <span class='ocrx_word' id='word_1_189' title='bbox 717 1420 866 1469; x_wconf 89' lang='lat' dir='ltr'>maris</span> <span class='ocrx_word' id='word_1_190' title='bbox 881 1418 1043 1467; x_wconf 90' lang='lat' dir='ltr'>fundo</span> <span class='ocrx_word' id='word_1_191' title='bbox 1057 1418 1286 1468; x_wconf 86' lang='lat' dir='ltr'>ascendat</span> <span class='ocrx_word' id='word_1_192' title='bbox 1304 1419 1367 1467; x_wconf 89' lang='lat' dir='ltr'>ad</span> <span class='ocrx_word' id='word_1_193' title='bbox 1387 1420 1499 1483; x_wconf 83' lang='lat' dir='ltr'>juga</span> <span class='ocrx_word' id='word_1_194' title='bbox 1513 1424 1796 1477; x_wconf 87' lang='lat' dir='ltr'>montium,</span> 
     </span>
     <span class='ocr_line' id='line_1_22' title="bbox 9 1478 1798 1545; baseline 0 -12"><span class='ocrx_word' id='word_1_195' title='bbox 9 1478 13 1497; x_wconf 83' lang='grc'><em>“</em></span> <span class='ocrx_word' id='word_1_196' title='bbox 38 1482 173 1534; x_wconf 91' lang='lat' dir='ltr'>unde</span> <span class='ocrx_word' id='word_1_197' title='bbox 197 1483 333 1531; x_wconf 89' lang='lat' dir='ltr'>suam</span> <span class='ocrx_word' id='word_1_198' title='bbox 360 1482 527 1530; x_wconf 88' lang='lat' dir='ltr'>fontes</span> <span class='ocrx_word' id='word_1_199' title='bbox 558 1497 616 1530; x_wconf 86' lang='lat' dir='ltr'>ex</span> <span class='ocrx_word' id='word_1_200' title='bbox 635 1482 741 1530; x_wconf 89' lang='lat' dir='ltr'>alto</span> <span class='ocrx_word' id='word_1_201' title='bbox 760 1481 1046 1531; x_wconf 87' lang='lat' dir='ltr'>delabentes</span> <span class='ocrx_word' id='word_1_202' title='bbox 1070 1483 1320 1545; x_wconf 81' lang='lat' dir='ltr'>originem</span> <span class='ocrx_word' id='word_1_203' title='bbox 1348 1483 1363 1530; x_wconf 71' lang='grc' dir='ltr'><em>ἒ</em></span> <span class='ocrx_word' id='word_1_204' title='bbox 1411 1498 1475 1530; x_wconf 90' lang='lat' dir='ltr'>an</span> <span class='ocrx_word' id='word_1_205' title='bbox 1500 1483 1798 1534; x_wconf 85' lang='lat' dir='ltr'>adscriberes</span> 
     </span>
     <span class='ocr_line' id='line_1_23' title="bbox 11 1543 1800 1614; baseline 0.002 -22"><span class='ocrx_word' id='word_1_206' title='bbox 11 1558 19 1614; x_wconf 71' lang='lat'>{¹</span> <span class='ocrx_word' id='word_1_207' title='bbox 36 1546 259 1598; x_wconf 70' lang='lat' dir='ltr'>colleffis</span> <span class='ocrx_word' id='word_1_208' title='bbox 271 1545 446 1611; x_wconf 70' lang='lat' dir='ltr'>pluviis</span> <span class='ocrx_word' id='word_1_209' title='bbox 459 1577 472 1598; x_wconf 57' lang='lat'>,7</span> <span class='ocrx_word' id='word_1_210' title='bbox 494 1543 739 1608; x_wconf 80' lang='lat' dir='ltr'>nivibusq5</span> <span class='ocrx_word' id='word_1_211' title='bbox 751 1547 767 1594; x_wconf 74' lang='grc' dir='ltr'><strong><em>ἓ</em></strong></span> <span class='ocrx_word' id='word_1_212' title='bbox 781 1561 845 1594; x_wconf 89' lang='lat' dir='ltr'>an</span> <span class='ocrx_word' id='word_1_213' title='bbox 863 1544 1116 1609; x_wconf 85' lang='lat' dir='ltr'>vaporoso</span> <span class='ocrx_word' id='word_1_214' title='bbox 1129 1547 1228 1594; x_wconf 83' lang='lat' dir='ltr'>ae&#39;ri</span> <span class='ocrx_word' id='word_1_215' title='bbox 1242 1578 1255 1598; x_wconf 89' lang='lat'>‚</span> <span class='ocrx_word' id='word_1_216' title='bbox 1277 1545 1507 1609; x_wconf 71' lang='lat' dir='ltr'>velaquis</span> <span class='ocrx_word' id='word_1_217' title='bbox 1521 1579 1534 1600; x_wconf 84' lang='lat'>‚</span> <span class='ocrx_word' id='word_1_218' title='bbox 1549 1548 1599 1595; x_wconf 90' lang='lat' dir='ltr'>in</span> <span class='ocrx_word' id='word_1_219' title='bbox 1612 1546 1800 1610; x_wconf 90' lang='lat' dir='ltr'>hydro-</span> 
     </span>
     <span class='ocr_line' id='line_1_24' title="bbox 11 1608 1798 1676; baseline 0 -18"><span class='ocrx_word' id='word_1_220' title='bbox 11 1621 21 1675; x_wconf 56' lang='grc' dir='ltr'><strong>ῖ</strong></span> <span class='ocrx_word' id='word_1_221' title='bbox 39 1609 274 1676; x_wconf 82' lang='lat' dir='ltr'>phylacijs</span> <span class='ocrx_word' id='word_1_222' title='bbox 297 1610 557 1657; x_wconf 88' lang='lat' dir='ltr'>montium</span> <span class='ocrx_word' id='word_1_223' title='bbox 576 1623 664 1672; x_wconf 85' lang='lat' dir='ltr'>per</span> <span class='ocrx_word' id='word_1_224' title='bbox 681 1611 818 1673; x_wconf 81' lang='lat' dir='ltr'>ignes</span> <span class='ocrx_word' id='word_1_225' title='bbox 831 1608 1174 1658; x_wconf 88' lang='lat' dir='ltr'>subterraneos</span> <span class='ocrx_word' id='word_1_226' title='bbox 1195 1610 1484 1663; x_wconf 86' lang='lat' dir='ltr'>extenuatis,</span> <span class='ocrx_word' id='word_1_227' title='bbox 1499 1624 1556 1658; x_wconf 88' lang='lat' dir='ltr'>ae</span> <span class='ocrx_word' id='word_1_228' title='bbox 1568 1610 1798 1660; x_wconf 73' lang='lat' dir='ltr'>elevatis?</span> 
     </span>
     <span class='ocr_line' id='line_1_25' title="bbox 14 1669 1799 1736; baseline -0.001 -13"><span class='ocrx_word' id='word_1_229' title='bbox 14 1685 21 1725; x_wconf 79' lang='grc' dir='ltr'>ζ·</span> <span class='ocrx_word' id='word_1_230' title='bbox 41 1674 122 1723; x_wconf 87' lang='lat' dir='ltr'>vel</span> <span class='ocrx_word' id='word_1_231' title='bbox 142 1688 204 1721; x_wconf 92' lang='lat' dir='ltr'>an</span> <span class='ocrx_word' id='word_1_232' title='bbox 223 1672 462 1721; x_wconf 86' lang='lat' dir='ltr'>tribueres</span> <span class='ocrx_word' id='word_1_233' title='bbox 480 1673 629 1720; x_wconf 87' lang='lat' dir='ltr'>maris</span> <span class='ocrx_word' id='word_1_234' title='bbox 653 1670 805 1721; x_wconf 88' lang='lat' dir='ltr'>fluxui</span> <span class='ocrx_word' id='word_1_235' title='bbox 831 1690 849 1726; x_wconf 67' lang='grc' dir='ltr'><strong><em>ς</em></strong></span> <span class='ocrx_word' id='word_1_236' title='bbox 872 1671 1018 1735; x_wconf 88' lang='lat' dir='ltr'>quod</span> <span class='ocrx_word' id='word_1_237' title='bbox 1042 1672 1142 1736; x_wconf 81' lang='lat' dir='ltr'>jugi</span> <span class='ocrx_word' id='word_1_238' title='bbox 1163 1684 1312 1721; x_wconf 89' lang='lat' dir='ltr'>motu</span> <span class='ocrx_word' id='word_1_239' title='bbox 1328 1671 1482 1721; x_wconf 90' lang='lat' dir='ltr'>trudit</span> <span class='ocrx_word' id='word_1_240' title='bbox 1503 1705 1515 1727; x_wconf 92' lang='lat'>‚</span> <span class='ocrx_word' id='word_1_241' title='bbox 1545 1669 1799 1736; x_wconf 79' lang='lat' dir='ltr'>novoque</span> 
     </span>
     <span class='ocr_line' id='line_1_26' title="bbox 15 1734 1803 1801; baseline 0 -17"><span class='ocrx_word' id='word_1_242' title='bbox 15 1754 23 1791; x_wconf 54' lang='grc' dir='ltr'>«ρ</span> <span class='ocrx_word' id='word_1_243' title='bbox 43 1739 237 1801; x_wconf 84' lang='lat' dir='ltr'>impetu</span> <span class='ocrx_word' id='word_1_244' title='bbox 255 1735 605 1800; x_wconf 86' lang='lat' dir='ltr'>superintrudit</span> <span class='ocrx_word' id='word_1_245' title='bbox 635 1735 792 1784; x_wconf 87' lang='lat' dir='ltr'>undas</span> <span class='ocrx_word' id='word_1_246' title='bbox 816 1736 960 1784; x_wconf 87' lang='lat' dir='ltr'>undis</span> <span class='ocrx_word' id='word_1_247' title='bbox 982 1768 995 1790; x_wconf 87' lang='lat'>,</span> <span class='ocrx_word' id='word_1_248' title='bbox 1034 1736 1158 1785; x_wconf 91' lang='lat' dir='ltr'>dum</span> <span class='ocrx_word' id='word_1_249' title='bbox 1187 1734 1406 1798; x_wconf 73' lang='lat' dir='ltr'>denique</span> <span class='ocrx_word' id='word_1_250' title='bbox 1428 1751 1516 1800; x_wconf 90' lang='lat' dir='ltr'>per</span> <span class='ocrx_word' id='word_1_251' title='bbox 1543 1738 1803 1786; x_wconf 88' lang='lat' dir='ltr'>montium</span> 
     </span>
     <span class='ocr_line' id='line_1_27' title="bbox 17 1797 1803 1864; baseline -0.001 -15"><span class='ocrx_word' id='word_1_252' title='bbox 17 1830 20 1840; x_wconf 87' lang='lat'>·</span> <span class='ocrx_word' id='word_1_253' title='bbox 44 1799 279 1863; x_wconf 86' lang='lat' dir='ltr'>spiracula</span> <span class='ocrx_word' id='word_1_254' title='bbox 315 1799 639 1847; x_wconf 85' lang='lat' dir='ltr'>extrudantur</span> <span class='ocrx_word' id='word_1_255' title='bbox 663 1801 679 1846; x_wconf 70' lang='grc' dir='ltr'><em>ἓ</em></span> <span class='ocrx_word' id='word_1_256' title='bbox 714 1799 835 1861; x_wconf 86' lang='lat' dir='ltr'>quid</span> <span class='ocrx_word' id='word_1_257' title='bbox 856 1797 889 1847; x_wconf 81' lang='lat' dir='ltr'>si</span> <span class='ocrx_word' id='word_1_258' title='bbox 909 1798 996 1848; x_wconf 86' lang='lat' dir='ltr'>tibi</span> <span class='ocrx_word' id='word_1_259' title='bbox 1016 1811 1304 1864; x_wconf 88' lang='lat' dir='ltr'>opponeret</span> <span class='ocrx_word' id='word_1_260' title='bbox 1319 1799 1633 1863; x_wconf 86' lang='lat' dir='ltr'>paradoxum</span> <span class='ocrx_word' id='word_1_261' title='bbox 1652 1800 1803 1849; x_wconf 86' lang='lat' dir='ltr'>illud:</span> 
     </span>
     <span class='ocr_line' id='line_1_28' title="bbox 17 1856 2004 1927; baseline 0.003 -19"><span class='ocrx_word' id='word_1_262' title='bbox 17 1901 20 1908; x_wconf 24' lang='grc' dir='ltr'><strong><em>Δ</em></strong></span> <span class='ocrx_word' id='word_1_263' title='bbox 47 1861 209 1912; x_wconf 81' lang='lat' dir='ltr'>Vivens</span> <span class='ocrx_word' id='word_1_264' title='bbox 237 1862 263 1908; x_wconf 76' lang='grc' dir='ltr'>ιὶ</span> <span class='ocrx_word' id='word_1_265' title='bbox 281 1878 359 1907; x_wconf 81' lang='lat' dir='ltr'>non</span> <span class='ocrx_word' id='word_1_266' title='bbox 377 1865 556 1908; x_wconf 76' lang='lat' dir='ltr'>vivente</span> <span class='ocrx_word' id='word_1_267' title='bbox 589 1864 610 1908; x_wconf 68' lang='grc' dir='ltr'>,ἒ</span> <span class='ocrx_word' id='word_1_268' title='bbox 645 1861 677 1911; x_wconf 82' lang='lat' dir='ltr'>fi</span> <span class='ocrx_word' id='word_1_269' title='bbox 701 1878 859 1927; x_wconf 87' lang='lat' dir='ltr'>prope</span> <span class='ocrx_word' id='word_1_270' title='bbox 887 1865 1167 1912; x_wconf 85' lang='lat' dir='ltr'>Anconam</span> <span class='ocrx_word' id='word_1_271' title='bbox 1205 1862 1294 1911; x_wconf 87' lang='lat' dir='ltr'>tibi</span> <span class='ocrx_word' id='word_1_272' title='bbox 1325 1859 1611 1913; x_wconf 87' lang='lat' dir='ltr'>ostenderet</span> <span class='ocrx_word' id='word_1_273' title='bbox 1638 1863 1806 1927; x_wconf 88' lang='lat' dir='ltr'>prodi·</span> <span class='ocrx_word' id='word_1_274' title='bbox 1838 1856 2004 1917; x_wconf 76' lang='lat' dir='ltr'>fulgofi</span> 
     </span>
     <span class='ocr_line' id='line_1_29' title="bbox 18 1910 2047 1990; baseline 0.001 -17"><span class='ocrx_word' id='word_1_275' title='bbox 18 1910 22 1976; x_wconf 62' lang='lat'>¹2</span> <span class='ocrx_word' id='word_1_276' title='bbox 48 1925 216 1990; x_wconf 81' lang='lat' dir='ltr'>giosos</span> <span class='ocrx_word' id='word_1_277' title='bbox 236 1924 384 1990; x_wconf 87' lang='lat' dir='ltr'>pisces</span> <span class='ocrx_word' id='word_1_278' title='bbox 407 1920 434 1973; x_wconf 79' lang='grc' dir='ltr'>ὲ</span> <span class='ocrx_word' id='word_1_279' title='bbox 463 1936 600 1989; x_wconf 86' lang='lat' dir='ltr'>petra</span> <span class='ocrx_word' id='word_1_280' title='bbox 620 1938 796 1974; x_wconf 88' lang='lat' dir='ltr'>enatos</span> <span class='ocrx_word' id='word_1_281' title='bbox 831 1928 847 1974; x_wconf 76' lang='grc' dir='ltr'>ἓ</span> <span class='ocrx_word' id='word_1_282' title='bbox 880 1924 915 1974; x_wconf 86' lang='lat' dir='ltr'><strong>fi</strong></span> <span class='ocrx_word' id='word_1_283' title='bbox 935 1922 1298 1990; x_wconf 83' lang='lat' dir='ltr'>Augustoduni</span> <span class='ocrx_word' id='word_1_284' title='bbox 1318 1959 1331 1980; x_wconf 88' lang='lat'>‚</span> <span class='ocrx_word' id='word_1_285' title='bbox 1359 1927 1410 1974; x_wconf 90' lang='lat' dir='ltr'>in</span> <span class='ocrx_word' id='word_1_286' title='bbox 1424 1926 1703 1976; x_wconf 84' lang='lat' dir='ltr'>saximedio</span> <span class='ocrx_word' id='word_1_287' title='bbox 1717 1927 1807 1976; x_wconf 91' lang='lat' dir='ltr'>bu--</span> <span class='ocrx_word' id='word_1_288' title='bbox 1836 1922 1866 1970; x_wconf 69' lang='lat' dir='ltr'>l.</span> <span class='ocrx_word' id='word_1_289' title='bbox 1887 1935 1927 1967; x_wconf 89' lang='lat'>1·</span> <span class='ocrx_word' id='word_1_290' title='bbox 1947 1937 1984 1968; x_wconf 78' lang='lat' dir='ltr'>c·</span> <span class='ocrx_word' id='word_1_291' title='bbox 2000 1917 2047 1968; x_wconf 83' lang='lat'>6·</span> 
     </span>
     <span class='ocr_line' id='line_1_30' title="bbox 50 1987 1809 2060; baseline 0.003 -24.919"><span class='ocrx_word' id='word_1_292' title='bbox 50 1989 233 2039; x_wconf 88' lang='lat' dir='ltr'>fonem</span> <span class='ocrx_word' id='word_1_293' title='bbox 268 1990 534 2060; x_wconf 77' lang='lat' dir='ltr'>inventum</span> <span class='ocrx_word' id='word_1_294' title='bbox 567 2021 579 2042; x_wconf 86' lang='lat'>‚</span> <span class='ocrx_word' id='word_1_295' title='bbox 619 1991 690 2038; x_wconf 87' lang='lat' dir='ltr'>uti</span> <span class='ocrx_word' id='word_1_296' title='bbox 722 1992 772 2040; x_wconf 66' lang='grc' dir='ltr'>δε</span> <span class='ocrx_word' id='word_1_297' title='bbox 802 1991 853 2037; x_wconf 91' lang='lat' dir='ltr'>in</span> <span class='ocrx_word' id='word_1_298' title='bbox 884 2002 1020 2053; x_wconf 89' lang='lat' dir='ltr'>petra</span> <span class='ocrx_word' id='word_1_299' title='bbox 1045 1987 1214 2037; x_wconf 76' lang='lat' dir='ltr'>diffissa</span> <span class='ocrx_word' id='word_1_300' title='bbox 1237 1989 1514 2054; x_wconf 88' lang='lat' dir='ltr'>serpentem</span> <span class='ocrx_word' id='word_1_301' title='bbox 1531 1992 1738 2040; x_wconf 76' lang='lat' dir='ltr'>vivum?</span> <span class='ocrx_word' id='word_1_302' title='bbox 1772 1990 1809 2040; x_wconf 84' lang='lat' dir='ltr'><strong>fi</strong></span> 
     </span>
     <span class='ocr_line' id='line_1_31' title="bbox 24 2048 1810 2112; baseline 0.001 -11"><span class='ocrx_word' id='word_1_303' title='bbox 24 2067 27 2110; x_wconf 56' lang='lat' dir='ltr'><strong>g</strong></span> <span class='ocrx_word' id='word_1_304' title='bbox 54 2055 106 2102; x_wconf 92' lang='lat' dir='ltr'>in</span> <span class='ocrx_word' id='word_1_305' title='bbox 123 2050 599 2112; x_wconf 83' lang='lat' dir='ltr'>Scotia,1nsulisque</span> <span class='ocrx_word' id='word_1_306' title='bbox 620 2051 921 2101; x_wconf 88' lang='lat' dir='ltr'>Hebridibus</span> <span class='ocrx_word' id='word_1_307' title='bbox 942 2052 1029 2101; x_wconf 91' lang='lat' dir='ltr'>tibi</span> <span class='ocrx_word' id='word_1_308' title='bbox 1050 2048 1352 2101; x_wconf 85' lang='lat' dir='ltr'>monstraret</span> <span class='ocrx_word' id='word_1_309' title='bbox 1367 2065 1532 2102; x_wconf 85' lang='lat' dir='ltr'>anates</span> <span class='ocrx_word' id='word_1_310' title='bbox 1549 2050 1577 2102; x_wconf 82' lang='grc' dir='ltr'>ὲ</span> <span class='ocrx_word' id='word_1_311' title='bbox 1590 2053 1719 2110; x_wconf 87' lang='lat' dir='ltr'>folijs</span> <span class='ocrx_word' id='word_1_312' title='bbox 1735 2069 1810 2103; x_wconf 87' lang='lat' dir='ltr'>ar-</span> 
     </span>
     <span class='ocr_line' id='line_1_32' title="bbox 12 2111 1810 2180; baseline 0.002 -17"><span class='ocrx_word' id='word_1_313' title='bbox 12 2111 28 2165; x_wconf 69' lang='lat' dir='ltr'>l</span> <span class='ocrx_word' id='word_1_314' title='bbox 53 2114 243 2164; x_wconf 88' lang='lat' dir='ltr'>borum</span> <span class='ocrx_word' id='word_1_315' title='bbox 264 2115 315 2162; x_wconf 91' lang='lat' dir='ltr'>in</span> <span class='ocrx_word' id='word_1_316' title='bbox 338 2129 477 2162; x_wconf 88' lang='lat' dir='ltr'>mare</span> <span class='ocrx_word' id='word_1_317' title='bbox 500 2114 719 2164; x_wconf 86' lang='lat' dir='ltr'>deciduis</span> <span class='ocrx_word' id='word_1_318' title='bbox 744 2148 757 2169; x_wconf 87' lang='lat'>‚</span> <span class='ocrx_word' id='word_1_319' title='bbox 793 2127 879 2164; x_wconf 89' lang='lat' dir='ltr'>aut</span> <span class='ocrx_word' id='word_1_320' title='bbox 910 2116 1062 2164; x_wconf 89' lang='lat' dir='ltr'>etiam</span> <span class='ocrx_word' id='word_1_321' title='bbox 1093 2115 1282 2164; x_wconf 89' lang='lat' dir='ltr'>anseres</span> <span class='ocrx_word' id='word_1_322' title='bbox 1305 2111 1333 2165; x_wconf 83' lang='grc' dir='ltr'>ὲ</span> <span class='ocrx_word' id='word_1_323' title='bbox 1358 2117 1564 2180; x_wconf 89' lang='lat' dir='ltr'>putridis</span> <span class='ocrx_word' id='word_1_324' title='bbox 1598 2114 1810 2166; x_wconf 86' lang='lat' dir='ltr'>navium</span> 
     </span>
     <span class='ocr_line' id='line_1_33' title="bbox 15 2174 1809 2239; baseline 0.002 -14"><span class='ocrx_word' id='word_1_325' title='bbox 15 2174 30 2234; x_wconf 62' lang='lat' dir='ltr'>el</span> <span class='ocrx_word' id='word_1_326' title='bbox 53 2175 215 2228; x_wconf 88' lang='lat' dir='ltr'>frustis</span> <span class='ocrx_word' id='word_1_327' title='bbox 239 2189 413 2225; x_wconf 89' lang='lat' dir='ltr'>enatos</span> <span class='ocrx_word' id='word_1_328' title='bbox 436 2178 451 2225; x_wconf 72' lang='grc' dir='ltr'><em>ἒ</em></span> <span class='ocrx_word' id='word_1_329' title='bbox 489 2174 640 2227; x_wconf 79' lang='lat' dir='ltr'>Certe</span> <span class='ocrx_word' id='word_1_330' title='bbox 654 2180 806 2239; x_wconf 86' lang='lat' dir='ltr'>talem</span> <span class='ocrx_word' id='word_1_331' title='bbox 826 2190 1026 2227; x_wconf 88' lang='lat' dir='ltr'>anatem</span> <span class='ocrx_word' id='word_1_332' title='bbox 1046 2177 1263 2228; x_wconf 76' lang='lat' dir='ltr'>habuifl&#39;e</span> <span class='ocrx_word' id='word_1_333' title='bbox 1281 2180 1327 2228; x_wconf 88' lang='lat' dir='ltr'>se</span> <span class='ocrx_word' id='word_1_334' title='bbox 1340 2179 1499 2228; x_wconf 83' lang='lat' dir='ltr'>afferit</span> <span class='ocrx_word' id='word_1_335' title='bbox 1517 2179 1809 2230; x_wconf 88' lang='lat' dir='ltr'>Aldrovan-</span> 
     </span>
     <span class='ocr_line' id='line_1_34' title="bbox 17 2234 1809 2306; baseline 0.002 -16"><span class='ocrx_word' id='word_1_336' title='bbox 17 2255 30 2306; x_wconf 61' lang='lat'>2⁴3</span> <span class='ocrx_word' id='word_1_337' title='bbox 55 2241 147 2291; x_wconf 90' lang='lat' dir='ltr'>dus</span> <span class='ocrx_word' id='word_1_338' title='bbox 165 2277 177 2292; x_wconf 88' lang='lat'><em>,</em></span> <span class='ocrx_word' id='word_1_339' title='bbox 201 2234 442 2303; x_wconf 89' lang='lat' dir='ltr'>fuisse‘que</span> <span class='ocrx_word' id='word_1_340' title='bbox 464 2238 671 2290; x_wconf 65' lang='lat' dir='ltr'>dimidia</span> <span class='ocrx_word' id='word_1_341' title='bbox 692 2243 920 2306; x_wconf 87' lang='lat' dir='ltr'>eorporis</span> <span class='ocrx_word' id='word_1_342' title='bbox 947 2253 1084 2306; x_wconf 85' lang='lat' dir='ltr'>parte</span> <span class='ocrx_word' id='word_1_343' title='bbox 1109 2257 1254 2290; x_wconf 84' lang='lat' dir='ltr'>avem</span> <span class='ocrx_word' id='word_1_344' title='bbox 1276 2275 1290 2296; x_wconf 86' lang='lat'>,</span> <span class='ocrx_word' id='word_1_345' title='bbox 1325 2243 1411 2291; x_wconf 87' lang='lat' dir='ltr'>reli</span> <span class='ocrx_word' id='word_1_346' title='bbox 1455 2241 1514 2292; x_wconf 64' lang='lat' dir='ltr'>uti</span> <span class='ocrx_word' id='word_1_347' title='bbox 1533 2243 1718 2292; x_wconf 89' lang='lat' dir='ltr'>folium</span> <span class='ocrx_word' id='word_1_348' title='bbox 1738 2260 1809 2292; x_wconf 87' lang='lat' dir='ltr'>ar-</span> 
     </span>
     <span class='ocr_line' id='line_1_35' title="bbox 28 2303 1809 2371; baseline -0.001 -16"><span class='ocrx_word' id='word_1_349' title='bbox 28 2331 32 2367; x_wconf 64' lang='grc' dir='ltr'>ῑ</span> <span class='ocrx_word' id='word_1_350' title='bbox 53 2305 208 2355; x_wconf 90' lang='lat' dir='ltr'>boris.</span> <span class='ocrx_word' id='word_1_351' title='bbox 276 2303 439 2368; x_wconf 77' lang='lat' dir='ltr'>Qod</span> <span class='ocrx_word' id='word_1_352' title='bbox 463 2304 496 2354; x_wconf 83' lang='lat' dir='ltr'>fi</span> <span class='ocrx_word' id='word_1_353' title='bbox 520 2337 533 2358; x_wconf 90' lang='lat'>,</span> <span class='ocrx_word' id='word_1_354' title='bbox 553 2308 787 2367; x_wconf 83' lang='lat' dir='ltr'>inquam,</span> <span class='ocrx_word' id='word_1_355' title='bbox 809 2304 1050 2360; x_wconf 87' lang='lat' dir='ltr'>ejusmodi</span> <span class='ocrx_word' id='word_1_356' title='bbox 1082 2318 1265 2354; x_wconf 85' lang='lat' dir='ltr'>naturae</span> <span class='ocrx_word' id='word_1_357' title='bbox 1291 2308 1436 2354; x_wconf 75' lang='lat' dir='ltr'>mont</span> <span class='ocrx_word' id='word_1_358' title='bbox 1464 2322 1515 2355; x_wconf 92' lang='lat' dir='ltr'>ra</span> <span class='ocrx_word' id='word_1_359' title='bbox 1538 2306 1626 2355; x_wconf 88' lang='lat' dir='ltr'>tibi</span> <span class='ocrx_word' id='word_1_360' title='bbox 1648 2321 1809 2371; x_wconf 91' lang='lat' dir='ltr'>oppo-</span> 
     </span>
     <span class='ocr_line' id='line_1_36' title="bbox 29 2367 1807 2432; baseline 0 -14"><span class='ocrx_word' id='word_1_361' title='bbox 29 2377 36 2424; x_wconf 57' lang='grc' dir='ltr'>ζ</span> <span class='ocrx_word' id='word_1_362' title='bbox 57 2379 198 2418; x_wconf 87' lang='lat' dir='ltr'>neret</span> <span class='ocrx_word' id='word_1_363' title='bbox 215 2400 228 2421; x_wconf 82' lang='lat'>‚</span> <span class='ocrx_word' id='word_1_364' title='bbox 255 2382 318 2415; x_wconf 87' lang='lat' dir='ltr'>an</span> <span class='ocrx_word' id='word_1_365' title='bbox 341 2367 706 2432; x_wconf 88' lang='lat' dir='ltr'>Panspermiam</span> <span class='ocrx_word' id='word_1_366' title='bbox 726 2368 1012 2417; x_wconf 88' lang='lat' dir='ltr'>admitteres</span> <span class='ocrx_word' id='word_1_367' title='bbox 1037 2384 1155 2417; x_wconf 90' lang='lat' dir='ltr'>cum</span> <span class='ocrx_word' id='word_1_368' title='bbox 1172 2368 1477 2432; x_wconf 83' lang='lat' dir='ltr'>Anaxagora</span> <span class='ocrx_word' id='word_1_369' title='bbox 1504 2371 1807 2418; x_wconf 79' lang='lat' dir='ltr'>animatam?</span> 
     </span>
     <span class='ocr_line' id='line_1_37' title="bbox 31 2429 1808 2496; baseline -0.007 -14"><span class='ocrx_word' id='word_1_370' title='bbox 31 2431 34 2482; x_wconf 45' lang='lat'>¹,</span> <span class='ocrx_word' id='word_1_371' title='bbox 61 2430 96 2481; x_wconf 80' lang='lat' dir='ltr'>fi</span> <span class='ocrx_word' id='word_1_372' title='bbox 123 2443 385 2496; x_wconf 81' lang='lat' dir='ltr'>oggereret</span> <span class='ocrx_word' id='word_1_373' title='bbox 398 2431 488 2480; x_wconf 86' lang='lat' dir='ltr'>tibi</span> <span class='ocrx_word' id='word_1_374' title='bbox 507 2429 868 2491; x_wconf 76' lang='lat' dir='ltr'>Metamorphofin</span> <span class='ocrx_word' id='word_1_375' title='bbox 880 2431 1115 2492; x_wconf 79' lang='lat' dir='ltr'>physicam,</span> <span class='ocrx_word' id='word_1_376' title='bbox 1139 2446 1237 2495; x_wconf 81' lang='lat' dir='ltr'>qua</span> <span class='ocrx_word' id='word_1_377' title='bbox 1256 2433 1436 2481; x_wconf 75' lang='lat' dir='ltr'>cicadae</span> <span class='ocrx_word' id='word_1_378' title='bbox 1459 2431 1662 2482; x_wconf 73' lang='lat' dir='ltr'>Brafiliae</span> <span class='ocrx_word' id='word_1_379' title='bbox 1676 2433 1727 2481; x_wconf 81' lang='lat' dir='ltr'>jn</span> <span class='ocrx_word' id='word_1_380' title='bbox 1739 2434 1808 2481; x_wconf 70' lang='lat' dir='ltr'>vi-</span> 
     </span>
     <span class='ocr_line' id='line_1_38' title="bbox 33 2494 2058 2559; baseline 0.002 -15"><span class='ocrx_word' id='word_1_381' title='bbox 33 2506 36 2517; x_wconf 78' lang='lat'>¹</span> <span class='ocrx_word' id='word_1_382' title='bbox 61 2498 230 2545; x_wconf 85' lang='lat' dir='ltr'>ventia</span> <span class='ocrx_word' id='word_1_383' title='bbox 251 2496 528 2559; x_wconf 84' lang='lat' dir='ltr'>vegetativa</span> <span class='ocrx_word' id='word_1_384' title='bbox 543 2527 556 2549; x_wconf 86' lang='lat'>,</span> <span class='ocrx_word' id='word_1_385' title='bbox 586 2494 815 2543; x_wconf 87' lang='lat' dir='ltr'>lumbrici</span> <span class='ocrx_word' id='word_1_386' title='bbox 834 2495 885 2542; x_wconf 90' lang='lat' dir='ltr'>in</span> <span class='ocrx_word' id='word_1_387' title='bbox 903 2495 1177 2559; x_wconf 89' lang='lat' dir='ltr'>papiliones</span> <span class='ocrx_word' id='word_1_388' title='bbox 1201 2513 1211 2543; x_wconf 91' lang='lat'>:</span> <span class='ocrx_word' id='word_1_389' title='bbox 1236 2510 1336 2559; x_wconf 89' lang='lat' dir='ltr'>qua</span> <span class='ocrx_word' id='word_1_390' title='bbox 1359 2511 1472 2545; x_wconf 84' lang='lat' dir='ltr'>aves</span> <span class='ocrx_word' id='word_1_391' title='bbox 1489 2494 1717 2558; x_wconf 86' lang='lat' dir='ltr'>quaedam</span> <span class='ocrx_word' id='word_1_392' title='bbox 1738 2496 1807 2546; x_wconf 86' lang='lat' dir='ltr'>Si·</span> <span class='ocrx_word' id='word_1_393' title='bbox 1837 2502 1952 2550; x_wconf 64' lang='lat' dir='ltr'>diffie</span> <span class='ocrx_word' id='word_1_394' title='bbox 1963 2500 2058 2548; x_wconf 83' lang='lat' dir='ltr'>Ho-</span> 
     </span>
     <span class='ocr_line' id='line_1_39' title="bbox 36 2556 2056 2673; baseline 0.004 -66"><span class='ocrx_word' id='word_1_395' title='bbox 36 2613 39 2628; x_wconf 27' lang='lat'>2</span> <span class='ocrx_word' id='word_1_396' title='bbox 66 2558 234 2609; x_wconf 83' lang='lat' dir='ltr'>nenses</span> <span class='ocrx_word' id='word_1_397' title='bbox 253 2559 304 2607; x_wconf 89' lang='lat' dir='ltr'>in</span> <span class='ocrx_word' id='word_1_398' title='bbox 320 2556 574 2624; x_wconf 82' lang='lat' dir='ltr'>gratiffimi</span> <span class='ocrx_word' id='word_1_399' title='bbox 601 2557 781 2625; x_wconf 83' lang='lat' dir='ltr'>saporis</span> <span class='ocrx_word' id='word_1_400' title='bbox 801 2556 1142 2673; x_wconf 74' lang='lat' dir='ltr'>piscesEsenfim</span> <span class='ocrx_word' id='word_1_401' title='bbox 1155 2558 1458 2626; x_wconf 83' lang='lat' dir='ltr'>degenerant</span> <span class='ocrx_word' id='word_1_402' title='bbox 1477 2558 1493 2607; x_wconf 76' lang='grc' dir='ltr'>ἓ</span> <span class='ocrx_word' id='word_1_403' title='bbox 1514 2574 1579 2608; x_wconf 86' lang='lat' dir='ltr'>an</span> <span class='ocrx_word' id='word_1_404' title='bbox 1610 2557 1809 2671; x_wconf 47' lang='lat' dir='ltr'>adsana-</span> <span class='ocrx_word' id='word_1_405' title='bbox 1837 2568 2056 2628; x_wconf 81' lang='lat' dir='ltr'>angicoyu.</span> 
     </span>
    </p>

    <p class='ocr_par' dir='ltr' id='par_1_4' title="bbox 1001 2634 1744 2686">
     <span class='ocr_line' id='line_1_40' title="bbox 1001 2634 1744 2686; baseline 0.005 -17"><span class='ocrx_word' id='word_1_406' title='bbox 1001 2635 1028 2670; x_wconf 86' lang='lat' dir='ltr'>e</span> <span class='ocrx_word' id='word_1_407' title='bbox 1060 2634 1091 2669; x_wconf 58' lang='grc' dir='ltr'>ἢ</span> <span class='ocrx_word' id='word_1_408' title='bbox 1642 2637 1668 2686; x_wconf 93' lang='lat' dir='ltr'>y</span> <span class='ocrx_word' id='word_1_409' title='bbox 1692 2637 1744 2673; x_wconf 85' lang='lat' dir='ltr'>m</span> 
     </span>
    </p>
   </div>
   <div class='ocr_carea' id='block_1_3' title="bbox 0 1287 19 2087">
    <p class='ocr_par' dir='ltr' id='par_1_5' title="bbox 0 1287 19 2087">
     <span class='ocr_line' id='line_1_41' title="bbox 0 1287 5 1394; baseline 0 -72"><span class='ocrx_word' id='word_1_410' title='bbox 0 1287 5 1394; x_wconf 95' lang='lat' dir='ltr'>  </span> 
     </span>
     <span class='ocr_line' id='line_1_42' title="bbox 0 1394 10 1654; baseline 0 -116"><span class='ocrx_word' id='word_1_411' title='bbox 0 1394 10 1654; x_wconf 95' lang='lat' dir='ltr'>    </span> 
     </span>
     <span class='ocr_line' id='line_1_43' title="bbox 0 1654 11 1713; baseline 0 1198"><span class='ocrx_word' id='word_1_412' title='bbox 0 1654 11 1713; x_wconf 95' lang='lat' dir='ltr'> </span> 
     </span>
     <span class='ocr_line' id='line_1_44' title="bbox 0 1713 15 1834; baseline 0 -65"><span class='ocrx_word' id='word_1_413' title='bbox 0 1713 15 1834; x_wconf 95' lang='lat' dir='ltr'>  </span> 
     </span>
     <span class='ocr_line' id='line_1_45' title="bbox 3 1834 17 1897; baseline 0 1014"><span class='ocrx_word' id='word_1_414' title='bbox 3 1834 17 1897; x_wconf 95' lang='lat' dir='ltr'> </span> 
     </span>
     <span class='ocr_line' id='line_1_46' title="bbox 4 1897 19 2087; baseline 0 -45"><span class='ocrx_word' id='word_1_415' title='bbox 4 1897 19 2087; x_wconf 95' lang='lat' dir='ltr'>    </span> 
     </span>
    </p>
   </div>
  </div>
 </body>
</html>
