2175 2911
179 130 275 180 266
623 123 868 177 ORDO
933 125 1500 209 DISCURSUUM.

113 225 311 285 transibis
338 237 432 271 cum
471 233 696 284 tempore:
723 223 764 284 fi
793 227 990 273 DEUM
1028 224 1052 283 (
1063 236 1195 287 prope
1225 226 1450 284 dixerim)
1479 228 1650 276 DEUs
1671 242 1728 276 es.
1796 227 2023 287 44..Avis

115 309 166 340 ne
186 289 347 340 avolet,
370 299 542 333 tenetur
550 284 653 344 filo:
689 291 855 340 anima,
877 306 929 335 ne
952 290 1006 335 ad
1026 289 1273 346 DEUMJe
1287 291 1428 343 levet,
1450 290 1505 338 ab
1520 294 1644 338 unica
1661 293 1823 352 ligatur
1840 287 2027 349 affetlio-

116 372 190 403 ne:
227 354 308 400 haec
330 351 432 397 licet
450 351 628 404 modica,
644 363 761 398 tenet
779 363 938 404 tamen,
964 369 1038 399 nec
1058 354 1084 401 a
1109 355 1267 399 modico
1286 356 1446 413 retinet
1460 352 1672 416 profestu.
1742 356 1811 404 Ex
1831 353 2030 403 Discut-

112 419 167 470 su
179 417 226 464 6.
242 417 442 479 Megac.
465 413 528 462 de
547 415 724 463 Brutis.
744 419 745 422 ’
792 427 871 474 45.
891 418 1097 470 Mundus,
1121 417 1176 463 ΕΤ
1197 433 1295 463 caro
1316 432 1476 464 vocant
1494 431 1553 468 te,
1576 419 1632 466 (Γ
1649 418 1861 482 sequeris:
1898 427 2028 463 vocat

116 496 161 531 te
183 480 382 533 Veritas,
404 479 462 524 Θ·
483 493 561 523 non
576 478 792 541 sequeris.-
830 479 1016 533 ausculta
1039 480 1247 534 Veritati,
1266 493 1316 526 ut
1339 496 1418 527 non
1453 482 1601 527 audias
1617 484 1878 529 vanitatem.
1945 479 2025 538 464.

118 545 167 595 V
160 544 366 591 ocationis
381 544 541 587 Gratia
556 544 814 589 Gratiarum
825 543 1008 590 Iliadem
1030 547 1217 590 continet
1230 561 1242 589 .·
1265 543 1380 595 vide,
1395 557 1500 608 quot
1510 547 1694 592 Gratias
1709 547 1754 591 in
1772 546 1898 591 unica
1913 547 2027 590 Gra-

116 612 184 657 tia
202 606 404 666 negligas.
470 605 540 653 Ex
561 604 792 655 Discursu
821 618 868 666 7.
892 607 1032 673 Meg.
1049 606 1224 658 Ariad.
1242 607 1382 671 Phys.
1461 620 1540 667 47.
1563 610 1609 654 Si
1629 609 1825 655 Mariam
1853 622 2029 653 amave-

117 675 180 721 ris
200 706 215 723 ,
243 671 502 729 omnipotens
527 672 626 717 eris.
701 672 782 728 48.
804 671 1045 734 Nunquam
1076 672 1185 718 male
1204 672 1383 732 peribit,
1410 674 1485 735 qui
1516 673 1673 718 Maria
1703 673 1883 717 devotus
1918 671 2029 717 exti-

117 737 243 784 terit.
280 735 427 792 ngn.
445 732 516 779 M.
562 747 642 793 49.
669 735 839 781 DEUs
849 751 945 789 cor,
969 737 1027 782 dv·
1046 752 1124 782 non
1134 734 1412 792 substantiam
1428 735 1575 796 penfizt
1588 754 1599 782 .·
1614 752 1690 781 nec
1708 738 1884 795 cogitat,
1900 749 2029 797 quan-

119 811 231 850 tum,
243 796 315 856 sed
339 812 392 842 ex
408 810 564 859 quanto
588 799 682 861 quis
701 809 916 858 operetur.
940 803 981 846 S.
991 802 1230 846 Bonavent.
1299 801 1369 849 Ex
1381 798 1611 848 Discursu
1633 802 1678 849 8.
1699 799 1916 862 de'Mag.
1935 798 2032 846 Ar.

119 860 241 911 tific.
316 872 389 917 50.
415 862 528 919 Qid
548 878 628 907 non
644 858 817 919 faciunt
837 863 958 916 mali,
979 875 1030 909 ut
1047 861 1174 910 bonos
1186 865 1478 924 pervertant?
1513 862 1698 919 inficiari
1712 879 1795 908 non
1811 874 1950 922 potes,
1970 862 2033 905 la-

117 923 388 1048 Ιᾶονοᾷιὶςρὶίἰ
403 920 734 983 fatiganturpro
759 927 865 971 Orco
878 957 892 979 ,
915 925 1041 986 quam
1059 938 1108 971 tu
1121 937 1203 984 pro
1224 926 1343 975 Coelo.
1411 928 1480 974 Ex
1499 925 1730 975 Discursu
1745 926 1831 973 ult.
1854 935 2033 973 contra

154 1003 214 1036 an
238 998 428 1033 eruum.

112 1050 2028 1104 QQQQQQQQQ‘QQQQQQ‘QQQQQ'QQQQQQQQQQZ

313 1114 730 1204 ORDO
844 1109 1832 1219 DISCURSUUM‚

273 1236 1104 1341 SECUNDAE
1231 1235 1869 1342 PARTIS.

1010 1364 1148 1411 SEU

460 1416 1692 1640 MEGAICOSMI.

123 1666 370 1785 ATlas
388 1669 785 1737 Philosophicus,
797 1671 871 1730 seu
889 1669 1144 1721 Discursus
1158 1670 1369 1727 Primus,
1387 1674 1438 1719 de
1450 1673 1615 1720 Mundo
1628 1670 1790 1726 coelesti.
1859 1671 2034 1722 Patro-

285 1752 394 1786 nus.
447 1741 488 1784 S.
501 1738 698 1796 Ignatius
718 1737 907 1798 Loyola,
932 1736 1150 1783 Fundator
1179 1739 1405 1784 societatis
1424 1737 1568 1796 JEsu.
1637 1736 1886 1786 Do&rina
1898 1736 2035 1786 Ethi-

123 1817 207 1854 ca:
244 1804 294 1849 de
313 1802 433 1848 modo
457 1799 483 1847 ὰ
506 1801 721 1847 Creaturis
738 1800 978 1858 ascendendi
996 1800 1050 1844 ad
1078 1801 1337 1848 Creatorem.
1407 1800 1761 1866 Epiphonema
1781 1800 2033 1851 Atticum.

124 1865 438 1925 Enthufiasmus
457 1867 520 1912 D.
534 1864 698 1926 Ignatij
717 1864 881 1927 Loyolae
893 1897 907 1920 ,
927 1878 1042 1912 novae
1058 1864 1285 1913 Authoris
1312 1865 1607 1927 Philofhphiae‚
1624 1869 1670 1912 in
1689 1881 1773 1931 qua
1787 1864 1889 1926 plus
1915 1879 2034 1911 ama-

122 1943 221 1983 tur,
242 1929 369 1996 quam
388 1929 641 1992 disputatur.
1025 1922 1068 2011 I
1082 1922 1144 2011 I·

249 2042 482 2108 Iphthera
492 2041 655 2102 Jovis‚
665 2039 760 2102 five
780 2040 1036 2092 Discursus
1058 2040 1338 2097 Secundus,
1351 2042 1403 2088 de
1420 2043 1578 2102 Magia
1598 2041 1883 2104 Astrologica.
1942 2042 2034 2093 Pa-

280 2121 478 2156 tronus.
513 2109 577 2154 D.
601 2108 828 2153 Severinus
848 2109 1048 2153 Boetius.-
1086 2105 1335 2156 Doszrina
1353 2104 1559 2155 Ethica:
1595 2107 1645 2152 de
1658 2105 1921 2167 fortitudine
1939 2108 2033 2153 ani-

124 2174 188 2220 mi
207 2173 252 2218 in
263 2168 466 2228 adversis.
532 2168 883 2236 Epiphonema
898 2172 1131 2219 Atticum
1147 2188 1157 2219 ε
1173 2169 1436 2230 Horos'copus
1453 2169 1693 2227 defiendens
1712 2173 1909 2217 Severini
1922 2175 2031 2218 Bo'e'·

125 2236 183 2298 εἰ)
196 2268 210 2292 ,
233 2236 284 2282 de
293 2232 472 2294 glorioso
497 2232 674 2294 ejusdem
698 2236 806 2282 Fato
825 2247 975 2282 contra
998 2236 1155 2281 fatum
1179 2233 1341 2282 erec‘ius
1361 2232 1387 2280 a=
1408 2233 1677 2296 Philosophia
1695 2233 1942 2293 consolante.

992 2293 1169 2383 III.

124 2409 410 2526 Vlrgula
434 2409 732 2464 Pharaonis,
741 2409 816 2468 Jeu
836 2409 1089 2461 Discursus
1110 2412 1308 2462 Tertius
1321 2443 1334 2465 ,
1355 2412 1406 2457 de
1426 2412 1583 2471 Magia
1603 2410 1838 2461 Diabolica
1847 2414 1891 2459 in
1902 2424 2029 2470 gene-

277 2493 340 2524 re.
409 2477 681 2529 Patronus,
699 2477 742 2520 S.
763 2476 990 2536 Qprianus
1011 2476 1306 2537 Philofiaphus‚
1333 2477 1389 2524 &⁴
1406 2476 1582 2535 Magus,
1604 2492 1658 2524 ex
1676 2477 1810 2536 Mago
1830 2476 2025 2535 Martyr.

121 2542 372 2599 Destrina
381 2539 578 2590 Ethica:
613 2540 665 2584 de
681 2539 802 2584 modo
822 2536 1029 2597 resistendi
1045 2537 1369 2587 tentationibus.
1406 2538 1758 2604 Epiphonema
1774 2538 2024 2588 Atticum.

126 2607 427 2666 Protrepticon
447 2607 511 2651 D.
535 2604 730 2663 Cypriani
751 2604 884 2662 Mago
898 2632 918 2639 -
939 2604 1178 2664 Philofhphi
1190 2640 1204 2655 ,
1225 2604 1277 2650 ad
1297 2604 1591 2663 Juventutem
1613 2603 1930 2656 Academicum,
1944 2613 2023 2662 pro

124 2669 406 2723 conservanda
429 2668 704 2719 Innocentia,
726 2679 873 2714 contra
894 2665 1059 2722 hostiles
1087 2665 1274 2727 affultus.
1717 2665 1962 2717 IV.Circe
