2175 2911
592 109 728 170 Scylla
760 94 889 173 atqu-e
919 105 1154 174 Charybdis
1610 122 1695 157 101

0 224 1 232 ¹
27 205 270 262 tervallis‚
289 202 543 270 phonasco
561 202 705 252 nullo
727 213 1080 268 comparente,
1100 204 1151 251 ih
1172 216 1357 268 campo
1375 204 1535 255 libero
1555 203 1771 255 adorna-

0 289 4 324 ε
28 271 119 320 bis.
185 271 237 321 Si
257 271 431 319 altiore
453 264 481 315 ὲ
502 266 718 332 specula,
744 266 928 316 fraudis
955 265 1055 315 five
1084 267 1342 329 ignarum,
1366 268 1465 317 five
1492 271 1770 319 immemo-

0 334 4 367 Γ
27 350 137 384 rem
151 369 165 385 ,
185 331 380 382 cursum
400 326 559 378 sistere
580 329 745 385 iubeas
758 364 771 385 ,
801 345 930 380 voce
952 328 1087 392 qua-fi
1113 328 1310 379 coelitus
1339 329 1535 396 delapsa
1548 365 1562 387 ,
1581 332 1646 382 ad
1663 346 1770 381 me-

26 398 208 446 liorem
225 396 420 457 frugem
442 394 683 442 animabis
707 396 1006 447 attonitum,
1029 393 1148 449 joco
1171 393 1322 447 serio,
1346 393 1380 442 si
1405 409 1513 442 non
1533 397 1767 445 invitum.

1 475 5 501 2
27 462 148 510 Haec
173 459 345 507 omnia
373 456 512 505 velut
543 458 799 522 prodigia,
823 457 943 506 cum
974 453 1136 520 stupet
1161 457 1336 505 rudior
1368 459 1622 521 popellus,
1644 458 1772 507 ridet

3 557 5 560 .
25 519 380 585 Philosophus:
415 519 501 568 scit
523 522 659 569 enim
682 519 1017 575 causamffoni
1039 520 1219 568 scilicet
1236 519 1589 575 intenfionem,
1605 533 1775 570 ortam

4 587 89 636 ssab
117 585 238 633 ae‘ris
260 582 558 632 reflexione:
604 599 724 633 nam
759 583 878 632 cum
905 583 1053 632 sonus
1078 581 1388 631 diffundatur
1424 585 1476 631 in
1504 584 1773 647 sphaeram,

3 649 75 695 ·in
93 645 340 703 ejusmodi
356 646 598 695 machinis
616 647 679 695 ad
697 646 884 711 lingula
902 647 1053 695 latera
1071 646 1245 700 allisus,
1258 646 1425 696 vocali
1451 648 1592 695 radio
1614 647 1773 711 dupli-

0 735 8 778 χ
21 711 142 758 citer
161 709 376 773 flagellat
397 726 585 764 aurem,
600 709 790 758 differo
811 710 954 759 fimul
969 712 1017 760 ὃ(
1034 709 1248 759 reflexo:
1287 709 1409 772 quid
1427 724 1548 773 ergo
1568 712 1776 762 mirum,

6 772 57 832 ⁴fi
77 775 148 824 vis
172 772 439 829 conjuncta
458 773 642 821 sonum
660 772 840 822 efficiat
863 774 1159 824 fortiorem?
1193 772 1311 821 hinc
1331 769 1358 821 ὲ
1383 775 1639 821 contrario
1663 788 1776 821 mu-

0 835 9 902 ‘ff
22 839 63 885 ri
91 833 444 901 peristromatis
468 836 583 884 testi
603 836 898 886 obtundunt
917 837 1271 901 voces‚pluviae
1288 839 1338 887 ὅ(
1357 838 1496 884 nives
1516 850 1781 900 campana-

7 915 137 949 ³rum
165 899 456 961 clangorem
478 901 742 952 minuunt3
765 901 987 965 planities
1006 900 1167 949 libero
1186 901 1286 948 aeri
1306 898 1539 963 expolita,
1559 901 1780 962 recipro-

8 958 112 1011 *cos
140 961 292 1030 sonos
312 976 576 1024 nunquam
597 977 913 1038 progenerat,
935 968 983 1015 ὅ(
1005 964 1239 1027 frequens
1257 964 1459 1012 auditor
1480 973 1780 1010 contentam

8 1025 347 1090 gdeclamantis
362 1040 546 1073 vocem
574 1042 733 1091 prope
751 1028 907 1076 elidit:
945 1031 1060 1091 quia
1081 1041 1267 1091 nempe
1285 1024 1528 1079 sonus,his
1554 1022 1780 1081 objectis,

9 1089 103 1151 {vel
128 1086 462 1154 languescens,
486 1089 566 1137 Vel
596 1089 815 1139 omnino
840 1091 1094 1154 absorptus
1112 1123 1125 1144 ,
1151 1089 1363 1152 amplius
1383 1089 1569 1137 reflecti
1586 1087 1778 1149 nequit.

9 1160 11 1170 ⁴
149 1151 306 1196 MEL:
374 1148 580 1199 Reflexe
608 1163 663 1199 tu
685 1149 797 1205 ista,
826 1150 879 1200 ni
907 1155 1082 1201 fallor:
1127 1154 1339 1199 oculum
1377 1150 1592 1198 intendis
1624 1149 1784 1211 depri-

10 1225 182 1266 lmere,
195 1214 311 1275 quia
328 1211 511 1261 sonum
531 1226 634 1261 tam
654 1211 918 1263 artificiose
941 1215 1168 1263 intendis.
1241 1213 1341 1262 Sed
1363 1214 1570 1261 recurris
1593 1211 1657 1258 ad
1676 1225 1782 1258 ma-

11 1277 248 1343 4chinam.
320 1274 481 1339 Qod
501 1275 536 1324 fi
559 1277 620 1324 ab
644 1277 885 1325 artefaffis
916 1278 1104 1326 laudari
1128 1278 1306 1326 oculus
1339 1273 1511 1340 possit,
1533 1273 1784 1337 hydrauli-

11 1355 149 1389 zcum
180 1337 338 1403 aspice
372 1338 653 1403 syphonem
673 1374 687 1389 ‚
717 1339 854 1386 dabit
888 1337 974 1386 iste
1004 1339 1339 1401 spestaculum
1358 1338 1517 1386 Coelo
1549 1338 1778 1400 dignum.

13 1403 215 1454 :Itidem
238 1401 301 1451 de
323 1402 482 1452 Coelo
503 1401 713 1465 lapsam,
734 1403 785 1449 in
816 1417 991 1450 arcum
1020 1400 1326 1449 imbrificum
1353 1433 1366 1453 ,
1398 1400 1494 1463 ipsa
1517 1400 1657 1457 Juno
1686 1394 1782 1446 stu-

13 1466 270 1531 pesceret,
291 1463 422 1514 adeo
444 1467 572 1512 mira
595 1465 835 1513 colorum
856 1467 1060 1512 varietas
1083 1464 1294 1511 oculum
1317 1475 1449 1510 extra
1473 1462 1683 1510 oculum
1709 1476 1783 1511 ra-

14 1531 115 1593 pit.
216 1527 356 1593 Quid
395 1528 560 1576 dicam
593 1528 655 1575 de
680 1529 1049 1592 microscopio?
1092 1528 1159 1575 nil
1207 1528 1258 1574 in
1290 1522 1385 1573 isto
1421 1527 1663 1589 reperitur
1688 1525 1783 1571 exi-

14 1622 18 1635 l
28 1606 186 1655 guum
201 1624 214 1645 ,
235 1604 410 1652 praeter
428 1606 625 1639 nomen
653 1593 704 1639 δε
725 1591 950 1639 molem:
987 1606 1105 1639 nam
1134 1590 1201 1638 nil
1229 1601 1334 1637 tam
1355 1590 1589 1651 exiguum
1605 1619 1617 1640 ,
1638 1585 1785 1649 quod

15 1670 139 1702 ‘non
164 1654 342 1702 reddat
362 1655 631 1702 eximium:
666 1654 736 1701 nil
758 1666 862 1702 tam
885 1669 1097 1718 parvum
1113 1686 1126 1707 ,
1154 1652 1299 1716 quod
1328 1654 1487 1701 oculo
1518 1666 1628 1699 non
1652 1648 1784 1696 exhi-

15 1715 144 1774 {beat
165 1731 432 1779 magnum:
469 1717 539 1764 nil
557 1718 609 1763 in
628 1728 803 1765 natura
825 1714 894 1765 est
922 1730 1028 1764 tam
1048 1717 1327 1769 occultum,
1341 1715 1486 1778 quod
1503 1729 1612 1762 non
1633 1712 1784 1760 faciat

17 1779 242 1828 xoculatis
265 1793 519 1844 apertum:
556 1780 654 1843 ipse
678 1781 857 1828 oculus
878 1795 1035 1829 caecus
1064 1781 1228 1834 foret,
1248 1778 1334 1828 nifi
1358 1779 1486 1827 duce
1511 1775 1784 1846 microsco-

17 1843 121 1908 ,pio
140 1853 377 1891 uteretur.
473 1839 626 1893 Certe
651 1856 885 1892 naturam
917 1843 1216 1892 invisibilem
1247 1842 1515 1894 haetenus,
1541 1838 1786 1888 vifibilem

18 1904 276 1966 2reddidit,
297 1904 523 1968 dumque
542 1906 788 1970 prodidit,
811 1907 929 1954 fecit
947 1907 1230 1954 mirabilem
1246 1938 1259 1960 ,
1282 1907 1335 1954 in
1356 1905 1453 1968 ipsa
1478 1903 1642 1953 fidum
1667 1917 1784 1966 pro-

37 1968 246 2017 ditione.
326 1969 426 2016 Sed
447 1969 569 2018 nihil
587 1969 857 2018 mirabilius
885 1970 1003 2018 fecit
1020 1969 1066 2017 se
1086 1969 1217 2033 ipso:
1254 1971 1537 2016 maximum
1567 1968 1617 2014 in
1639 1965 1784 2013 mini-

19 2031 326 2086 Lmo:-nam
355 2031 611 2087 objectum
645 2032 846 2096 vigesies
877 2034 1053 2080 millies
1095 2031 1254 2086 maius
1282 2031 1409 2079 facit,¹
1440 2030 1485 2078 se
1512 2030 1644 2094 ipso:
1680 2027 1785 2076 for-

21 2106 145 2161 3mat
164 2093 495 2158 Elephantem
519 2110 578 2142 ex
598 2099 792 2147 muscas
827 2097 1012 2159 pulices
1032 2095 1195 2143 reddit
1219 2091 1443 2142 monstra
1459 2126 1471 2146 ,
1491 2093 1616 2141 dum
1633 2106 1785 2140 mon-

21 2154 192 2210 tssstrat3
248 2169 456 2205 motum
491 2155 677 2205 fistoles
704 2161 756 2206 in
793 2160 955 2222 pulice
1001 2158 1222 2212 exhibet,
1245 2153 1594 2222 sanguinisque
1621 2157 1673 2202 in
1701 2169 1784 2203 ve·

21 2222 112 2278 'nis
168 2220 366 2269 cursum
400 2237 410 2266 ε
484 2217 594 2269 imo
644 2222 732 2269 illo
787 2221 924 2270 vides
974 2223 1238 2286 spirantem
1260 2253 1275 2275 ,
1339 2224 1388 2270 &
1426 2219 1745 2284 respirantem
1768 2233 1780 2263 ε

24 2281 185 2347 quod
212 2283 246 2331 fi
276 2283 512 2332 tubulum
540 2285 644 2333 auri
675 2295 839 2348 aptare
869 2284 1053 2349 poffes,
1079 2284 1134 2332 ut
1162 2285 1337 2338 oculo,
1362 2284 1468 2332 fors
1498 2280 1783 2332 tussientem

23 2350 249 2410 fquoque
277 2347 487 2395 audires.
610 2349 769 2396 Miras
795 2346 1028 2410 profesto
1063 2349 1380 2412 experientias
1411 2349 1651 2411 legimus,
1675 2356 1785 2411 qua?

25 2409 193 2474 efidem
219 2426 329 2459 non
363 2409 585 2459 facerent
607 2443 621 2464 ,
653 2409 740 2458 nisi
770 2410 923 2459 fidem
959 2412 1050 2459 illis
1076 2411 1296 2459 facerent
1315 2410 1605 2460 Authores‚
1639 2417 1785 2474 omni

18 2471 139 2529 flfide
168 2471 449 2538 dignissimi.
534 2475 758 2523 Sturmio
785 2474 889 2523 hoc
916 2475 1145 2523 divinum
1179 2476 1447 2524 inventum
1479 2468 1694 2539 ostendit
1730 2480 1786 2537 in

21 2539 200 2598 flovulo
221 2552 408 2594 erucae,
440 2553 622 2588 omnes
654 2539 932 2652 corpuscikli
962 2550 1147 2602 partes:
1196 2538 1282 2589 has
1311 2538 1432 2605 ipsas
1455 2534 1787 2600 Malpigmm

967 2615 990 2659 3
1629 2607 1721 2642 OVl
