2175 2911
350 80 416 146 46'
911 86 1108 134 flamma
1141 81 1408 135 Promethei„

287 177 519 242 nunquid
543 178 646 237 iam
660 188 923 244 comparat
945 213 960 234 ,
995 179 1095 236 iam
1113 176 1160 230 se
1185 179 1391 230 reflectit
1410 214 1423 237 ,
1454 177 1555 239 jam
1585 176 1769 240 judicat
1788 212 1803 235 ,
1836 179 1937 238 iam
1960 175 2049 231 dis-

287 245 440 292 currit
457 261 475 288 :
511 258 622 305 quae
645 246 847 298 omnia,
868 244 1181 292 materialem
1202 243 1430 294 sensuum
1450 243 1688 309 sphaeram
1709 280 1721 295 ‚
1753 255 1872 293 toto
1905 246 2046 294 coelo

285 305 644 356 transcendunt
667 309 716 356 ὃ(
737 306 984 372 supera-nt.
1056 309 1261 356 Omitto
1293 309 1494 356 levioris
1516 321 1777 356 armaturae
1812 305 2047 362 subsidia,

286 384 397 433 quae
418 381 597 417 contra
623 369 823 419 Atheos
838 403 850 424 ,
872 372 922 418 in
943 372 1101 418 aciem
1125 370 1249 418 solet
1273 370 1486 419 educere
1505 368 1848 435 Philosophia:
1871 366 2048 425 cuiista

283 432 451 481 minus
482 431 728 482 sufficiunt
759 432 927 482 homo
953 449 1061 482 non
1082 429 1151 481 est
1183 465 1195 486 ‚
1232 433 1318 482 nisi
1340 449 1496 496 quem
1525 434 1692 482 forsan
1715 433 2046 488 Deucaleon,

284 492 458 545 eduro
481 495 611 545 filice
630 498 965 552 materialem,
984 499 1102 560 quia
1125 495 1321 544 saxeum
1348 499 1714 562 progeneravit.
1782 496 1843 545 Id
1862 496 2048 545 solum-

283 560 452 609 modo
476 559 655 614 velim,
688 560 940 614 advertas,
974 562 1194 623 quisquis
1224 561 1449 610 animam
1475 559 1693 608 admittit
1718 559 2046 625 spiritualem,

39 657 120 707 TI
285 622 503 671 admittit
522 623 904 672 indivisibilem:
940 623 1047 672 haec
1069 627 1206 672 enim
1234 626 1507 689 proprietas
1543 623 1683 671 illam
1710 659 1721 674 ,
1770 622 1907 672 velut
1950 619 2052 670 filia

70 660 253 765 -J'dQ‘Ws'
285 688 536 741 Matrem,
558 686 896 749 consequitur.
942 689 1104 740 Hinc,
1134 686 1166 735 si
1188 687 1305 751 legis
1326 721 1340 741 ‚
1362 684 1503 749 quod
1530 686 1765 735 decollati
1791 685 2050 741 cujusdam

37 724 98 809 Q„
136 738 157 766 ‘⁵'
178 737 222 767 α’
285 763 454 799 vertex
468 783 481 804 ,
504 750 770 813 quondam
790 751 954 814 sirpius
974 748 1274 804 subsultatit,
1296 749 1533 814 spiritibus
1550 783 1562 803 ,
1585 749 1724 798 velut
1744 745 1770 798 ὲ
1790 748 2049 820 pyrobolo

41 800 171 831 ''²⁰²⁶‘'
285 813 660 878 erumpentibus
684 847 696 868 ,
728 813 777 861 id
792 813 1142 862 tribuendum:
1164 814 1298 862 unde
1323 813 1691 878 frigescentibus
1709 812 1940 861 musculis
1955 843 1967 864 ,
1983 810 2049 861 fic

285 874 428 925 brevi
450 877 621 926 dentes
645 878 904 925 coiverant
924 910 938 931 ,
960 889 1013 924 ut
1035 879 1167 925 canis
1178 878 1454 926 auriculam
1469 910 1482 933 ,
1503 877 1792 940 sanguinem
1812 869 1944 924 forte⁷
1958 875 2050 923 lin-

283 942 442 1004 gentis
455 974 468 995 ,
492 943 542 991 ὅ(
564 940 760 990 fortite-r
780 936 1072 1005 stringerent
1091 942 1491 1006 ‚depertinaciter
1512 940 1670 989 exilia
1685 939 1770 987 diu
1789 939 2046 987 haererent.

283 1004 333 1052 Si
359 1004 477 1078 legis
503 1037 516 1058 ‚
551 1005 802 1054 Mexicani
824 1004 1014 1060 juvenis
1035 1007 1278 1053 verticem
1299 1016 1618 1068 amputatum
1637 1036 1650 1056 ,
1687 1004 1738 1050 in
1760 1001 1865 1051 haec
1893 1000 2048 1050 verba

35 1063 238 1117 Acostal,
284 1066 448 1116 subito
471 1065 776 1130 prorupisse:
814 1067 897 1125 Ipfi
916 1082 982 1111 me
1001 1065 1308 1124 interfecerunt
1328 1101 1342 1117 ‚
1380 1068 1605 1130 potentia
1632 1066 1817 1112 motrix
1854 1064 1920 1113 fic
1952 1066 2044 1112 im·

36 1139 79 1185 5·
100 1126 194 1179 lust.
282 1130 474 1193 pulcrat
493 1129 718 1191 linguam
739 1150 753 1180 ς
774 1140 827 1175 ut
849 1128 1002 1176 verba
1021 1127 1048 1175 a
1068 1128 1271 1184 jamjam
1306 1130 1562 1176 morituro
1592 1139 1844 1191 concepta
1864 1160 1877 1181 ,
1913 1139 2046 1177 voce

35 1206 73 1238 c.
98 1202 172 1247 14.
282 1188 619 1241 intermortua
649 1190 949 1238 balbutiret:
987 1189 1073 1239 nisi
1104 1190 1272 1239 forsan
1303 1190 1477 1239 similia
1504 1191 1699 1240 Divinae
1729 1189 1935 1239 mavelis
1962 1189 2046 1238 ad-

277 1254 486 1305 scribere
500 1252 850 1303 Providentiae.
917 1255 1303 1301 Immortalitatem
1323 1253 1468 1316 quod
1480 1256 1654 1302 attinet
1667 1287 1680 1308 ,
1696 1252 1909 1302 authore
1924 1254 2049 1302 Sco-

278 1331 339 1368 to
358 1351 371 1373 ‚
401 1319 481 1368 vix
502 1318 714 1382 reperies
741 1315 1042 1364 sonantioris
1070 1318 1292 1365 nominis
1305 1316 1674 1381 Philosophum
1695 1315 1986 1381 (Epicurihi
2022 1346 2042 1354 -

281 1394 623 1448 pocentauros
649 1394 760 1429 non,
779 1377 1043 1436 nomino)
1068 1381 1154 1442 qui
1179 1394 1288 1428 non
1314 1377 1448 1428 ultro
1481 1380 1692 1428 fateatur
1712 1383 1937 1428 animam
1967 1396 1993 1427 a
2013 1380 2047 1427 i-

285 1444 531 1507 quamdiu
558 1443 667 1491 fatis
686 1438 990 1507 superstitem
1014 1459 1025 1491 :
1063 1444 1246 1491 evincit
1267 1442 1369 1491 hoc
1384 1445 1633 1491 unaminis
1661 1455 1846 1491 naturae
1866 1441 2044 1497 sensus,

285 1509 431 1571 exigit
451 1508 688 1557 Numinis
710 1505 1025 1569 providentia
1042 1538 1056 1560 ,
1079 1508 1378 1571 praemi-antis
1397 1522 1491 1571 pro
1515 1508 1700 1555 merito
1720 1505 1913 1570 probos
1928 1538 1940 1558 ,
1957 1522 2046 1570 pu-

282 1572 462 1620 nientis
480 1585 574 1635 pro
597 1572 782 1618 merito
803 1568 1086 1633 improbos.
1150 1570 1271 1627 ⁴Jam
1292 1569 1327 1618 fi
1348 1566 1581 1634 superstes
1605 1567 1940 1632 aliquamdiu,
1956 1584 2045 1618 cur

279 1648 385 1683 non
410 1633 627 1698 semper?
663 1647 727 1681 an
761 1633 956 1696 agentia
979 1644 1211 1697 oppones
1231 1634 1518 1682 contraria?
1555 1645 1604 1681 at
1623 1647 1734 1680 non
1754 1631 1907 1680 habet
1929 1649 1942 1677 .·
1976 1646 2044 1682 an

278 1693 536 1745 defectum
567 1694 720 1745 causae
747 1696 966 1760 allegas?
1002 1695 1262 1746 conservat
1289 1696 1500 1746 DEUS:
1538 1710 1602 1744 an
1641 1693 1840 1751 subiesti
1875 1694 2044 1744 absen-

276 1761 399 1809 tiam
423 1760 439 1807 ἶ*
473 1758 694 1816 subjecto
725 1774 835 1808 non
861 1758 1050 1823 indiget
1073 1777 1083 1806 :
1119 1775 1186 1807 an
1206 1755 1340 1808 forte
1368 1757 1624 1807 defectum
1646 1756 1755 1806 finis
1775 1756 2043 1807 obtendis?

273 1823 729 1872 sedintellcffiones
753 1820 786 1870 si
812 1822 1031 1870 admittis
1088 1819 1164 1870 ost
1180 1824 1293 1870 Fata
1319 1858 1332 1873 ‚
1368 1821 1528 1870 finem
1553 1821 1653 1877 jam
1674 1817 1934 1869 admisisti:
1967 1834 2040 1870 ut-

275 1899 329 1936 ut
351 1885 624 1935 accuratius
649 1885 753 1934 haec
774 1838 1103 1950 ponderanda
1123 1884 1486 1952 Philosophicae
1508 1886 1702 1933 trutinae
1723 1918 1736 1940 ,
1773 1886 1824 1935 ὅ(
1839 1885 2040 1933 eruditis

271 1949 571 2014 Sophorum
601 1950 792 1999 circulis
807 1982 819 2003 ,
843 1948 1165 1999 reservemus.

435 2012 634 2063 LEUC:
669 2008 967 2063 contestata
994 2011 1126 2062 adeo
1156 2013 1361 2066 veritas,
1390 2010 1453 2062 de
1472 2012 1651 2061 animae
1668 2010 2005 2077 praerogativis
2024 2045 2040 2066 ‚

272 2070 475 2125 hostem
488 2075 671 2124 habere
683 2076 858 2139 nequit
870 2077 920 2124 in
935 2072 1222 2126 Christiano>
1244 2077 1475 2139 Peripato
1484 2093 1502 2123 ⁴:
1517 2090 1626 2124 non
1644 2073 1732 2124 nifi
1744 2076 1900 2125 Stoici
1911 2076 1942 2123 s
1932 2087 2038 2129 unt,

274 2142 324 2188 &
344 2138 539 2202 Epicuri
551 2137 614 2186 de
632 2152 781 2202 grege
802 2135 1135 2193 onocrotali,
1151 2141 1237 2203 qui
1255 2138 1547 2203 oppositum
1565 2133 2041 2200 rudunt,n0vc'›que

274 2200 572 2250 crudelitatis
602 2202 835 2265 prodigio
860 2204 1085 2252 animam
1103 2201 1266 2251 secant
1293 2206 1344 2250 in
1369 2214 1544 2267 partes.
1644 2202 1809 2250 MEL:
1845 2199 1919 2249 Ita
1941 2198 2038 2249 est:

272 2264 503 2314 unanimi
524 2264 721 2312 calculo
737 2263 956 2328 probant
976 2264 1106 2315 hane
1126 2267 1389 2314 veritatem
1410 2263 1699 2330 Philosophi
1722 2297 1735 2318 ,
1771 2266 1821 2314 ὃς
1844 2265 2040 2314 utinam

273 2324 376 2377 vita
395 2340 506 2377 non
534 2326 808 2390 reprobent
833 2329 842 2375 !
879 2330 1103 2378 animam
1131 2327 1482 2379 indivisibilem
1514 2326 1725 2377 asserunt
1749 2345 1760 2375 :
1794 2343 1884 2376 cur
1915 2343 2041 2392 ergo

272 2388 423 2439 toties
445 2403 566 2440 cuna
584 2389 741 2438 corde
761 2388 991 2441 dividunt
1024 2404 1302 2442 ereaturam
1335 2393 1463 2442 inter
1490 2393 1541 2442 <Sc
1570 2389 1871 2440 Creatorem
1894 2391 1910 2437 ἒ
1942 2392 2041 2440 Im-

275 2452 549 2502 mortalem
567 2449 662 2502 ess‘e
693 2450 1042 2505 demonstrant
1064 2488 1077 2509 ‚
1113 2457 1164 2506 ὅ(
1201 2468 1374 2506 tamen
1403 2489 1417 2510 ,
1446 2453 1717 2520 voluptatis
1749 2465 2039 2504 momenta-

279 2531 383 2573 neae
407 2515 608 2573 toxico,
626 2515 839 2584 persaepe
859 2530 1102 2579 enecant,
1123 2519 1352 2578 utcoelo
1379 2527 1610 2574 mortua,
1633 2518 1762 2569 inter
1793 2517 2038 2569 cruciatus

1759 2590 1973 2632 aetetnos
