2175 2911
772 148 918 197 Mom'i
951 147 1163 204 R’nestra.
1659 165 1758 213 :203

67 243 216 291 nales
251 237 434 297 nostri,
458 237 604 304 quod
630 238 726 296 illi,
744 241 805 290 rin
832 240 1119 304 symbolico
1144 239 1392 293 schemate
1412 279 1426 301 ,
1453 244 1533 295 sua
1558 247 1825 310 quondam

78 305 416 370 repraesentata
441 302 674 354 divinitus
697 320 871 370 opera.
907 304 1006 353 Sed
1026 315 1298 372 antequam
1319 308 1380 354 ab
1403 311 1618 374 imagine
1650 311 1823 360 velum

76 384 400 423 removeam,
421 364 661 433 praenosse
691 380 740 415 te
762 368 898 424 juvat
912 401 926 422 ,
946 366 1083 416 hunc
1104 366 1392 422 hominem,
1412 370 1445 419 fi
1464 385 1635 423 tamen
1657 373 1822 423 homi-

76 446 199 480 nem
215 465 229 485 ,
252 435 302 482 &
323 446 430 479 non
447 430 618 496 potius
641 430 931 495 Angelum,
949 430 1154 495 plebeiae
1182 433 1477 494 neutiquam
1504 436 1640 484 fuiss'e
1674 440 1822 487 virtu-

79 497 138 542 tis
156 528 169 549 ,
192 495 273 543 sed
296 495 510 542 heroica:
531 491 688 544 adeo,
710 506 766 542 ut
786 494 1037 543 revelante
1065 493 1221 542 Coelo
1237 527 1250 547 ‚
1274 496 1354 543 vix
1376 494 1686 553 sanctiorem,
1702 512 1823 548 tunc

76 559 349 622 temporis,
378 555 608 606 habuerit
629 554 939 606 Christianus
969 556 1137 606 Orbis.
1240 558 1301 605 Et
1322 559 1464 619 quod
1494 572 1547 608 tu
1574 561 1673 617 jam
1698 563 1824 626 sym-

78 619 265 669 bolum
286 619 557 684 exspectas?
592 619 733 674 vide,
757 623 807 670 ὃς
832 616 1149 684 obstupesce:
1185 620 1368 668 Botrus
1392 619 1484 675 est,
1507 626 1642 679 eujus
1670 627 1823 689 plera-

77 696 177 743 que
197 698 375 747 grana,
395 683 475 732 vel
499 682 711 748 putrida,
728 683 807 731 vel
826 685 1112 737 immatura,
1131 681 1256 731 ficea
1270 716 1283 736 ,
1305 683 1386 732 vel
1408 684 1652 739 abortiva,
1672 701 1727 736 ut
1745 704 1826 753 pe-

77 741 144 792 ne
166 746 377 794 botrum
394 748 447 794 in
466 746 623 795 botro
645 747 863 807 requiras
878 779 891 800 ‚
914 743 1284 795 necimmerito
1313 746 1444 795 hanc
1467 748 1535 795 illi
1558 749 1705 798 addas
1730 753 1827 814 epi-

78 809 327 873 graphen:
365 809 600 869 exspefft‘avi
617 824 739 857 uvas,
761 810 817 855 Θ
836 813 961 854 ecce!
980 808 1202 865 labruscas.
1286 810 1824 861 DEUM-imortalem!

80 871 112 919 li
136 871 239 919 haec
262 874 314 920 in
334 872 493 924 viridi,
510 869 631 931 quid
654 872 743 917 erit
763 872 814 918 in
835 871 1008 919 arido?
1043 872 1111 919 nil
1131 870 1215 920 hic
1235 887 1363 937 opus
1391 870 1459 921 est
1478 874 1681 922 addere:
1719 875 1829 924 Phi-

68 934 319 997 losophus
342 948 390 980 es
403 932 716 985 Leucothec‚
737 936 787 983 ὅς
809 936 1043 998 ignorare
1060 937 1236 998 nequis
1260 937 1498 1000 arguendi
1522 938 1832 986 methodum

80 996 109 1044 ὲ
130 997 348 1043 fortiori.
417 994 475 1043 Id
496 1011 554 1044 ex
573 1008 622 1044 te
646 1011 836 1058 quaerQ
853 997 998 1060 quod
1019 997 1082 1046 de
1102 999 1338 1063 operibus
1365 1002 1459 1048 tuis
1481 1002 1572 1048 erit
1589 1001 1833 1057 judicium

79 1060 131 1107 in
150 1058 239 1105 illo
259 1058 493 1115 Judicio?
529 1058 757 1107 ulteriuS:
785 1060 823 1118 fi
843 1062 920 1107 lux
946 1063 991 1106 in
1018 1060 1135 1107 nobis
1146 1062 1247 1118 fimt
1276 1063 1477 1117 tenebrae,
1502 1063 1681 1110 tenebrae
1701 1079 1831 1126 qnan-

79 1134 130 1168 τω
152 1123 311 1167 emm?
348 1122 504 1184 capis,
530 1118 582 1168 ni
604 1121 778 1175 fallor,
802 1123 926 1170 illud
945 1124 1200 1182 Bernardi,
1219 1124 1329 1174 imo
1352 1142 1461 1174 non
1480 1125 1830 1180 Bernardi‚1cd

81 1186 317 1232 Veritatis
347 1186 398 1232 in
431 1184 689 1232 Bernardo
729 1186 1040 1233 vaticinantis
1069 1187 1375 1234 Oraculum:
1412 1191 1642 1234 verendum
1668 1189 1746 1242 est,
1778 1206 1829 1234 ne
1858 1181 2072 1237 Serm.54.

73 1246 151 1305 sub
172 1260 272 1305 tam
281 1246 437 1303 sabtilz·
459 1247 816 1317 examine,mul5ae
839 1246 980 1302 nostrae
995 1247 1221 1307 ZJJasticz'ae,
1242 1249 1636 1313 ‚quaepuwbantnm
1650 1262 1829 1311 peccata
1859 1245 1903 1287 in
1923 1243 2039 1289 Cam·

83 1322 332 1371 appareant.

209 1373 409 1423 LEUC:
479 1373 598 1421 Alia
619 1387 807 1437 nempe
824 1371 1015 1429 ‘judicia
1032 1373 1176 1427 DEI,
1200 1375 1292 1422 alia
1310 1375 1610 1425 hominum.
1679 1378 1729 1426 Si
1744 1379 1832 1436 Ju-

85 1432 183 1486 stus
206 1439 285 1486 vix
307 1436 595 1489 salvabitur,
625 1447 864 1500 peccator
886 1435 1216 1499 ubiwparebit?
1252 1436 1381 1490 haec,
1411 1439 1593 1493 credo,
1614 1440 1723 1488 sunt
1752 1441 1834 1489 illa

82 1513 418 1565 peceata‚quae
441 1500 737 1548 formidavit
748 1499 934 1563 Regius
949 1498 1140 1551 Psaltes,
1156 1498 1278 1546 dum
1294 1499 1411 1547 dixit
1428 1518 1437 1547 ε
1452 1499 1504 1546 ab
1524 1503 1693 1548 occultis
1714 1519 1835 1549 mun-

86 1566 139 1609 da
164 1580 229 1609 me
253 1565 458 1612 Domine,
521 1565 679 1609 MEL:
734 1564 807 1611 Ita.
828 1558 921 1613 ests
942 1560 1490 1616 haecformidavitmon
1512 1576 1684 1612 tamen
1706 1565 1832 1612 sola:

85 1626 311 1688 namque
326 1626 444 1674 sunt·
460 1626 554 1674 alia
577 1624 736 1688 magis
758 1624 983 1673 timenda
999 1657 1012 1678 ,
1035 1626 1152 1684 quia
1182 1623 1340 1689 magis
1373 1627 1590 1676 occulta.
1689 1628 1834 1676 Dixi:

86 1691 314 1738 terribilis
339 1703 433 1735 nos
459 1701 633 1736 manet
654 1687 948 1752 exspectatio
971 1687 1204 1751 quaedam
1235 1688 1393 1747 iudicii
1410 1722 1422 1742 ,
1444 1701 1648 1754 propter
1666 1706 1839 1755 pecca-

88 1767 137 1801 ta
151 1786 164 1806 ‚
189 1767 297 1815 quae
317 1753 636 1815 ignoramusz
672 1752 800 1802 volo
825 1751 1006 1805 dicere,
1024 1764 1401 1817 propter-opera
1422 1753 1559 1801 bona
1573 1786 1584 1807 ,
1605 1768 1714 1815 quae
1734 1769 1839 1801 ma-

88 1815 136 1864 le
165 1816 400 1866 fecimus3
437 1818 487 1865 <Sc
509 1827 715 1880 propter
743 1830 897 1878 opera
915 1815 1070 1867 bona,
1092 1829 1201 1877 quae
1223 1831 1333 1863 non
1362 1816 1588 1869 fecimus,
1603 1819 1651 1866 ὃς
1670 1817 1837 1864 facere

90 1892 265 1927 tamen
286 1878 568 1926 debuimus.
622 1880 744 1927 Haec
767 1881 878 1926 sunt
897 1891 1098 1942 peccata
1120 1877 1478 1931 omiffionis,&
1505 1881 1698 1927 utinam
1725 1895 1836 1927 non

92 1942 215 2006 saepc
246 1941 542 1990 oblivionis!
577 1957 699 1989 nam
720 1943 894 1989 animo
919 1939 1062 1990 facile
1083 1941 1362 1993 elabuntur,
1380 1957 1488 2003 quae
1512 1945 1834 1991 omittuntur.

94 2007 217 2053 Hasc
238 2003 469 2051 dicuntur
501 2003 528 2051 a
552 2006 718 2068 Regio
747 2006 879 2055 Vate
911 2005 1095 2054 occulta,
1127 2006 1243 2066 quia
1274 2005 1420 2051 nobis
1446 2006 1496 2052 in
1530 2007 1628 2054 vita
1654 2004 1819 2070 potiffi

96 2067 246 2117 mum
269 2066 601 2114 occultantur.
646 2069 843 2116 Scimus
861 2083 934 2120 ea,
954 2083 1062 2130 quae
1085 2066 1295 2115 fecimus
1309 2100 1322 2119 ,
1344 2082 1452 2129 quae
1479 2084 1587 2117 non
1606 2068 1836 2123 fecimus,

96 2131 397 2195 plerumque
418 2131 733 2191 ignoramus:
772 2131 1006 2179 dolemus
1034 2129 1154 2195 saepe
1185 2130 1248 2177 de
1275 2129 1573 2184 eommiflis,
1593 2131 1745 2181 rarius
1776 2132 1839 2180 de

99 2190 314 2243 omiffiss
351 2190 468 2239 hinc
487 2191 664 2240 omiffa
691 2192 965 2241 commistis
984 2194 1177 2257 peiora:
1214 2208 1333 2241 nam
1355 2191 1589 2243 facillime
1609 2195 1839 2250 facimus,

99 2253 392 2304 difficillime
411 2255 790 2317 cognoscimus,
815 2252 1050 2304 rariss—ime
1075 2257 1418 2305 emendamus.
1487 2258 1729 2307 Terribilc
1751 2261 1841 2308 erit

100 2319 343 2376 judicium
368 2330 572 2381 propter
600 2316 835 2370 comiffa,
861 2318 1119 2367 terribilius
1137 2331 1340 2384 propter
1370 2320 1572 2369 omiss'a:
1609 2323 1840 2386 peribunt

105 2382 276 2435 multi,
297 2393 500 2444 propter
522 2395 601 2433 ea,
629 2395 739 2442 quae
759 2380 1013 2435 fecerunt,
1035 2383 1236 2445 plurimi
1259 2395 1465 2447 propter
1489 2400 1543 2433 ea
1560 2419 1572 2439 ‚
1592 2400 1700 2448 quae
1731 2399 1838 2432 non
1912 2441 1926 2449 ..

106 2445 349 2493 fecerunt.
447 2445 581 2493 Hine
604 2444 632 2500 J
638 2443 765 2492 udex
791 2445 1003 2493 Divinus
1025 2445 1289 2494 deeilivam
1319 2446 1480 2495 ferens
1498 2450 1548 2496 in
1576 2449 1840 2496 damnatos

107 2508 444 2564 Sententiam,
465 2522 574 2554 non
594 2506 747 2558 dicet,
768 2509 854 2558 ite,
881 2509 997 2570 quia
1018 2506 1222 2561 fecistis,
1241 2509 1323 2558 sed
1345 2513 1431 2561 ite,
1458 2513 1573 2573 quia
1596 2526 1701 2559 non
1721 2510 1840 2557 feci-

110 2567 209 2622 stis:
245 2585 357 2622 non
381 2569 612 2635 allegabit
631 2570 921 2626 commiss'a,
938 2571 1023 2686 {gd
1043 2573 1583 2637 exprobrabit-emissa:
1617 2573 1842 2632 Ite,<quia

1003 2650 1030 2686 C
1065 2649 1094 2684 2,
1702 2650 1782 2682 non
