2175 2911
410 135 504 173 102
975 112 1092 164 circe
1122 114 1423 175 Philofhplvz'cae.

337 233 459 268 men
481 213 671 265 incolas
701 208 918 261 senectus
933 243 947 264 ‚
969 213 1019 261 ὅ(
1043 210 1185 259 turba
1217 210 1523 259 morborum
1545 207 1853 274 pedissequa,
1876 225 2005 274 quos
2030 210 2083 268 fi,

339 278 528 338 abjecta
546 278 706 327 salutis
733 276 838 340 spe,
861 274 1062 323 lethales
1082 274 1316 330 judicant,
1338 271 1531 336 cymbae
1554 275 1829 337 imponunt
1849 289 2023 338 aegros,
2035 277 2087 325 in

338 345 487 394 aliam
510 342 724 392 Insulam
753 337 1093 390 devehendos,
1116 350 1167 385 ut
1189 337 1434 385 dolorum
1457 335 1617 389 simul,
1635 339 1683 386 ὃ(
1708 338 1816 385 vitae
1836 336 1990 385 finem
2015 339 2086 385 in-

339 408 557 458 veniant.
655 405 782 453 Non
812 416 1176 450 commemoro
1207 399 1434 451 arbores,
1463 412 1591 460 quot
1624 402 1762 449 annis
1796 401 1956 453 senes,
1975 401 2026 448 &
2057 394 2087 447 ὲ

338 470 530 520 senibus
553 471 780 526 iuvenes:
834 480 942 513 non
971 464 1209 512 cadavera
1237 462 1546 510 aromatibus
1574 457 1810 517 condita,
1831 478 1941 524 quae
1971 458 2089 511 licet

336 533 585 599 putredini
610 531 767 595 magis
789 528 1045 581 obnoxiae,
1067 525 1220 589 quam
1245 528 1481 575 vivorum
1504 540 1738 589 corpora,
1757 524 1784 574 a
1813 526 1895 573 lue
1913 539 2088 573 tamen

337 594 537 646 tabifica
555 611 720 644 aevum
741 596 967 641 immune
987 591 1200 653 exigunt.
1303 587 1544 637 ldsolum
1570 588 1761 652 colligo
1789 604 1909 637 cum
1940 588 2085 644 hujus

339 662 602 710 Sententiae
623 656 833 722 Ephoris
848 687 860 708 ‚
882 653 915 703 si
935 653 1033 702 fide
1055 651 1301 716 probabili
1321 648 1517 700 constat
1539 650 1601 700 de
1628 651 1771 708 hujus
1795 649 1975 700 effeetu
1993 653 2089 700 vir-

337 726 481 777 tutis,
504 723 582 773 vel
607 721 774 769 saltem
807 733 915 766 non
945 714 1163 765 multutn
1190 714 1448 769 absimili8‚
1472 713 1554 762 etsi
1582 715 1679 778 ipsa
1710 717 1863 764 virtus
1889 729 1985 763 nos
2018 713 2086 761 la-

336 799 465 838 teat,
487 802 574 834 cur
594 785 732 832 illam
763 781 981 831 divinare
1009 791 1224 840 nequeat
1253 778 1461 827 Ariolus
1480 779 1708 842 Stygius?
1744 793 1853 840 quae
1874 776 2088 842 chymae·

338 866 390 899 ra
407 851 458 898 in
477 848 769 913 pharmaco,
792 843 936 907 quod
960 841 1230 891 humidum
1248 840 1457 888 radicale
1476 840 1728 894 restauret,
1740 841 1939 889 senefia:
1961 852 2086 887 tem-

336 925 478 979 peret
510 910 813 961 ariditatem,
839 917 1082 970 corrupto
1113 903 1260 952 succo
1295 904 1562 952 meliorem
1590 901 1820 956 sufficiat,
1850 903 2087 952 colorem

337 976 552 1023 crinium
573 984 759 1025 mutet,
782 968 1059 1030 caeteraque
1088 967 1305 1030 suppleat
1334 966 1399 1014 ad
1422 967 1647 1030 tempus?
1683 967 1921 1028 equidem
1950 980 2090 1029 aper-

335 1039 395 1086 tis
423 1037 582 1087 oculis
609 1035 744 1083 nulla
775 1030 926 1081 video
951 1044 1172 1080 cornua,
1196 1028 1376 1088 quibus
1406 1029 1610 1076 Naturae
1640 1029 1772 1090 leges
1797 1028 2089 1091 infringeret

337 1102 691 1151 Hircocervus.
793 1094 905 1142 Nec
940 1091 1079 1138 mihi„
1103 1103 1327 1150 oggeras,
1349 1087 1414 1134 fic
1444 1090 1601 1135 vitam
1639 1088 1839 1137 homini
1870 1090 2089 1152 denique

335 1158 728 1228 perpetuandam
744 1187 758 1208 7
781 1151 924 1215 quod
943 1149 1149 1208 jactabat
1166 1148 1358 1197 Thraso
1385 1149 1465 1197 illc
1485 1150 1767 1214 AEgyptius‚
1804 1167 1961 1214 quem
1990 1154 2086 1216 pri·

335 1225 457 1273 dem
478 1221 698 1271 Galenus
719 1219 817 1273 jam
846 1213 1137 1262 debellavit:
1174 1226 1267 1259 nec
1284 1244 1296 1264 ‚
1318 1213 1555 1274 inquam,
1586 1213 1690 1262 hoc
1712 1213 1836 1263 mihi
1860 1229 2086 1279 oggeras‚

335 1302 458 1335 nam
476 1283 692 1333 Admeti
710 1279 875 1328 bobus
891 1310 904 1330 ‚
927 1275 1102 1340 &ipso
1122 1272 1316 1338 Auriga
1339 1276 1558 1324 Hercule
1577 1276 1710 1325 foret
1738 1293 1889 1343 opus,
1913 1278 1977 1327 ad
2007 1292 2088 1326 ex-

335 1346 636 1398 trahendam
657 1340 906 1401 ejusmodi
926 1338 1196 1401 sequelam.
1232 1338 1477 1393 Dixi‚haec
1497 1339 1767 1405 supplenda
1788 1341 1853 1390 ad
1863 1353 2088 1406 tempus:

336 1427 458 1462 nam
480 1407 655 1459 sensim
675 1405 740 1455 sic
764 1403 1004 1453 fatisceret
1035 1403 1240 1451 Naturae
1271 1403 1444 1465 vigor,
1477 1415 1532 1451 ut
1559 1403 1840 1468 reparando
1871 1420 1981 1454 non
2013 1403 2086 1453 su-

338 1471 581 1541 pereffent
603 1468 848 1523 remedia,
868 1464 1013 1531 quod
1038 1464 1198 1530 ipsum
1228 1464 1292 1514 de
1312 1465 1525 1516 Paradisi
1541 1481 1709 1532 pomo
1729 1467 1954 1532 plerique
1974 1468 2094 1518 affe-

337 1548 454 1589 runt
477 1533 757 1585 Authores.

470 1597 667 1650 LEUC:
689 1657 692 1660 ,
737 1589 988 1659 Superest,
1009 1604 1064 1642 ut
1083 1592 1204 1655 quid
1228 1591 1434 1642 tandem
1453 1595 1505 1642 in
1524 1592 1795 1644 hominem
1809 1628 1823 1650 ,
1842 1593 2090 1644 animam-

342 1678 440 1728 que
458 1662 663 1726 corpori
691 1656 1042 1716 conjunstam,
1072 1657 1241 1719 Magia
1275 1655 1445 1721 possit,
1468 1672 1562 1721 pro
1592 1655 1831 1707 discursus
1863 1660 2091 1721 comple·

342 1737 522 1777 mento
554 1723 784 1772 edoceas,
852 1722 1007 1767 MEL:
1075 1719 1229 1768 Dabo
1251 1721 1526 1785 epitomen.
1605 1720 1781 1769 Sensus
1802 1720 1940 1769 mille
1962 1719 2089 1769 ludi-

343 1790 457 1848 briis
480 1788 649 1837 fallere
670 1780 832 1850 potest
855 1783 1104 1831 infernalis
1135 1782 1216 1832 hie
1234 1783 1429 1834 Ludio:
1466 1798 1602 1832 nunc
1633 1787 1771 1832 enim
1793 1783 1980 1849 spiritus
2007 1798 2087 1831 ex-

344 1855 488 1906 citat,
519 1845 843 1916 phantasticas
865 1847 996 1895 ideas
1020 1846 1300 1910 perturbat,
1320 1859 1373 1895 ut
1399 1846 1568 1896 videre
1590 1858 1640 1894 te
1667 1858 1836 1910 putes,
1860 1861 1969 1909 quae
1996 1847 2091 1895 mi-

344 1914 483 1967 nime
504 1915 669 1967 vides,
696 1905 975 1977 apertisque
1001 1910 1160 1958 oculis
1195 1925 1387 1959 caecum
1418 1922 1468 1958 te
1501 1910 1711 1959 fatearis.
1812 1911 1967 1960 Nunc
1988 1909 2090 1959 sen-

345 1978 424 2029 sus
444 1979 625 2028 interni
650 1989 857 2039 quoque
882 1986 1186 2022 commovet
1208 1988 1412 2038 organa,
1435 1984 1490 2022 ut
1508 1976 1650 2022 variae
1674 1971 1768 2021 sese
1794 1973 1963 2021 levent
1981 1984 2089 2022 ten-

346 2044 584 2092 tationes3
621 2039 736 2088 hinc
756 2036 840 2086 ets1
867 2036 1053 2102 philtris
1073 2038 1189 2101 cogi
1214 2049 1432 2100 nequeat
1449 2037 1708 2090 voluntas,
1732 2031 1897 2101 potest
1915 2047 2090 2087 tamen

349 2101 553 2154 Alastor
570 2105 763 2167 Stygius
785 2101 849 2150 fic
879 2099 1077 2149 turbare
1102 2099 1392 2149 facultatem
1421 2096 1781 2165 phantasticam
1795 2132 1809 2154 ‚
1831 2101 2086 2148 concitare

348 2166 617 2219 humores,
640 2165 952 2214 inflammare
987 2163 1188 2214 interius
1216 2162 1447 2213 membra
1468 2196 1483 2218 ‚
1513 2175 1568 2212 ut
1606 2163 1826 2212 admotis
1857 2165 2087 2212 tentatio-

349 2245 477 2279 num
503 2228 767 2282 illecebris,
799 2228 952 2276 veluti
972 2227 1189 2276 totidem
1221 2225 1464 2276 machinis
1495 2227 1603 2290 quis
1632 2224 1871 2275 lacessitus
1891 2259 1905 2280 ‚
1926 2221 2084 2274 oestro

349 2291 577 2356 quodam
597 2290 806 2339 libidinis
822 2291 1098 2341 divexetur:
1135 2289 1279 2355 quod
1300 2289 1335 2338 si
1353 2291 1545 2355 insuper
1560 2291 1709 2339 Proci
1728 2290 1939 2352 estypon
1961 2302 2085 2336 con-

349 2352 496 2404 tinuo
528 2352 786 2418 phantasiae
810 2366 1014 2417 oggerat
1040 2366 1284 2407 tentator3
1318 2353 1352 2402 fi
1383 2369 1492 2416 quae
1525 2353 1674 2418 digna
1710 2346 1882 2402 callide
1912 2352 2083 2398 occul·-

348 2430 448 2470 tet3
482 2416 560 2466 vel
581 2415 614 2464 si
637 2417 687 2464 in
708 2411 800 2464 isto
822 2431 988 2465 rerum
1015 2419 1224 2467 articulo
1239 2450 1253 2471 ‚
1273 2417 1478 2467 accedat
1498 2418 1722 2467 Amator
1746 2410 2025 2465 maleficu83
2045 2414 2078 2464 fi

347 2477 556 2546 piscetur
578 2482 628 2528 in
649 2476 1119 2544 turbido‚suet1'sque
1137 2482 1320 2531 artibus
1338 2484 1541 2531 iteratos
1561 2489 1716 2528 tentet
1733 2474 1943 2529 assultus,
1958 2479 2079 2539 quid

352 2547 540 2596 mirum
552 2575 567 2599 ‚
585 2541 620 2593 fi
638 2542 954 2607 permittente
971 2544 1127 2597 Coelo
1139 2578 1153 2603 ‚
1174 2544 1285 2599 Arx
1302 2556 1382 2598 tot
1403 2543 1539 2601 furiis
1555 2551 1856 2652 oppugnatas
1875 2540 2085 2594 tandem

1847 2616 2016 2653 amen-
