2175 2911
52 614 209 661 Str-ada

51 680 165 726 Dec.
186 691 203 723 1
216 714 226 726 .
241 678 272 728 l.

58 742 170 787 1.ad
201 758 270 788 an.

89 815 230 863 1557·

51 1557 266 1607 Hadrian.

51 1622 167 1682 Jun.

54 1816 209 1862 franc.

51 1876 277 1928 Acamas·

373 128 464 174 226
851 120 1255 183 Technophylacium
1283 119 1520 182 Phyficum.

306 218 565 274 structam,
589 230 857 282 utramque
888 215 1019 267 adeo
1054 218 1231 268 exilem
1257 250 1269 271 ,
1304 229 1357 266 ut
1390 217 1527 265 illam
1557 213 1747 269 Musca,
1779 213 1909 264 hanc
1927 215 2056 266 vero

308 284 526 348 Apicula
557 284 642 332 alis
672 283 763 332 suis
802 294 1070 345 contegere
1102 315 1115 335 ,
1154 279 1450 346 penitusque
1485 279 1788 328 abscondere
1817 280 2054 344 potuerit.
2080 324 2090 329 s
2135 318 2137 320 .
2168 302 2171 342 j

307 348 465 394 MEL:
534 349 663 396 Non
689 347 869 394 invitus
902 357 996 393 tuae
1030 345 1278 393 subscribo
1304 345 1594 396 Sententiae,
1616 345 1694 391 cui
1731 343 1829 399 jam
1862 341 2057 391 dudum

306 409 576 474 subscripsit
606 409 821 459 Carolus
849 410 914 458 V.
953 410 1203 458 Maximus
1238 408 1546 471 Imperator,
1574 409 1659 469 qui
1691 405 1919 456 Gandavi
1950 421 2061 454 non

308 485 414 521 tam
432 474 648 536 ingentia
668 473 748 520 illa
772 474 1046 527 Pomoeria,
1068 471 1219 534 quam
1244 470 1471 535 parvulas
1491 469 1594 529 illas
1616 469 1871 518 machinas
1892 465 1960 516 est
1979 469 2066 516 de·

308 538 539 589 miratus,
561 535 740 598 quibus
762 535 906 584 illum
925 551 1033 584 non
1053 535 1202 583 semel
1221 534 1461 583 recreavit
1482 533 1738 590 Jannellus
1758 533 2058 585 Turrianus,

309 599 435 647 illius
457 601 702 663 temporis
726 598 1074 647 Archimedes.
1144 599 1283 647 Nam
1304 596 1422 662 saepe
1441 598 1491 644 in
1512 596 1705 650 mensa,
1727 594 2066 660 compendio-

309 660 360 711 sa
395 662 550 711 veluti
575 664 750 711 Matris
782 658 1021 726 palaestra,
1043 660 1265 709 exhibuit
1295 673 1516 709 armatos
1545 662 1807 712 exercitus,
1828 660 1914 722 qui
1941 673 2062 707 cum

308 726 442 775 tubis
462 758 473 779 ,
503 728 551 775 ὅς
597 727 845 790 tympanis
881 721 1118 789 stupenda
1160 723 1259 772 sine
1302 725 1533 787 sanguine
1580 722 1837 787 fingebant
1882 722 2061 785 praelia.

310 791 466 839 Nunc
498 788 795 853 passerculos
820 789 1012 852 ligneos
1042 784 1351 836 monstrabat
1382 787 1639 839 volantes,
1671 790 1719 837 ὅ(
1750 789 2063 836 revolantes:

306 868 443 900 nunc
464 852 627 901 molas
647 853 855 905 ferreas,
880 849 958 899 sua
991 854 1163 915 sponte
1186 851 1425 899 versatiles
1458 850 1716 914 produxit,
1749 862 1894 898 tantae
1917 848 2066 898 subti-

304 915 450 963 litatis
467 948 480 968 ,
506 928 560 962 ut
591 930 770 978 omngs
789 912 987 963 manica
1012 914 1311 967 occultaret,
1338 912 1421 960 etli
1443 924 1640 960 tantum
1660 913 1805 960 tritici
1833 911 2064 975 quotidie

303 978 560 1026 molerem
575 1010 587 1027 ,
611 992 857 1037 quantum
879 977 1000 1023 octo
1025 977 1318 1022 hominibus
1341 979 1391 1020 in
1414 975 1514 1021 dies
1533 975 1753 1036 singulos
1776 975 1987 1027 alendis,
2013 989 2061 1022 a·
2120 991 2123 993 ·

302 1036 474 1087 bunde
496 1037 755 1085 sufficeret.
825 1038 1075 1084 Mirentur
1095 1036 1170 1088 alii
1193 1031 1312 1098 Epe'i
1335 1049 1523 1096 equum
1540 1066 1556 1088 ,
1579 1035 1875 1084 Machinam
1895 1037 2064 1092 Trojae

303 1101 538 1152 fatalcm3
579 1096 737 1161 magis
775 1113 858 1145 me
893 1099 1017 1161 rapit
1049 1097 1260 1159 sculptus
1288 1099 1339 1144 in
1368 1112 1574 1160 gemma
1603 1099 1772 1145 annuli
1804 1097 2065 1152 Phaeton,

304 1176 525 1227 quatuor
549 1165 685 1223 equis
705 1162 955 1213 investit&
979 1154 1202 1209 distinete
1222 1158 1371 1213 adeo,
1395 1172 1449 1208 ut
1471 1160 1784 1224 fingulorum
1810 1162 2070 1224 equorum

304 1229 445 1277 frena
460 1260 473 1279 ,
496 1227 686 1279 dentes,
711 1241 768 1273 ac
788 1224 936 1289 pedes
962 1223 1173 1272 sedecim
1196 1219 1339 1273 facile
1360 1227 1612 1272 notaverit
1631 1225 1827 1279 oculus,
1848 1225 1932 1274 etsi
1955 1241 2064 1275 cru-

304 1306 358 1340 ra
385 1290 512 1338 bene
536 1289 789 1337 articulata
815 1304 924 1336 crus
945 1287 1115 1352 pulicis
1143 1303 1250 1335 non
1275 1285 1597 1335 excessiffent:
1635 1285 1794 1352 magis
1825 1304 1910 1337 me
1937 1291 2068 1353 rapit

304 1352 487 1404 Rheda
506 1352 614 1406 illa,
639 1364 858 1414 quatuor
880 1366 1017 1414 equis
1043 1348 1302 1404 instructa,
1323 1365 1477 1412 quam
1500 1351 1697 1400 Artifex
1718 1351 1926 1414 quidam
1947 1354 2068 1402 Hel-
2128 1400 2130 1402 ,

303 1429 474 1470 vetus,
493 1416 765 1465 Ludovico
795 1416 931 1463 XIII.
963 1415 1236 1464 Galliarum
1258 1415 1386 1477 Regi
1416 1414 1629 1469 obtulit,
1658 1412 1795 1464 tanta
1819 1415 2061 1473 exilitate,

303 1492 361 1529 ut
384 1481 563 1543 unguis
582 1478 981 1543 magnitudinem
1001 1490 1169 1525 totum
1197 1492 1326 1542 opus
1343 1493 1449 1527 non
1474 1478 1731 1542 superaret.
1811 1475 2066 1545 Obstupe-
2129 1518 2136 1528 ,
2157 1511 2159 1530 2

303 1543 439 1592 scant
461 1542 537 1598 alii
557 1542 857 1606 Memphin,
876 1543 926 1588 in
952 1553 1157 1589 centum
1184 1542 1544 1604 quinquaginta
1572 1538 1722 1590 stadia
1748 1542 2062 1607 protensam,

306 1622 409 1670 ego
430 1607 588 1653 miror
601 1604 748 1654 cetafi
769 1606 1026 1656 nucleum,
1041 1606 1091 1651 in
1110 1605 1334 1653 formam
1352 1604 1517 1653 corbis
1537 1605 1869 1659 elaboratum,
1882 1608 1933 1654 in
1951 1623 2060 1670 quo
2125 1605 2157 1664 ef

308 1668 601 1732 quindecim
622 1667 907 1716 tesserarum
931 1669 1077 1732 paria,
1093 1668 1182 1717 suis
1200 1668 1446 1731 planetum
1468 1664 1652 1717 affabre
1678 1666 1918 1723 distincita,
1937 1686 2063 1720 con-

309 1731 618 1780 timebantur:
657 1747 754 1796 ego
776 1733 936 1780 miror
966 1731 1212 1780 denar-ioli·
1238 1732 1361 1780 illius
1387 1731 1699 1786 orbiculum,
1718 1734 1768 1780 in
1801 1747 1907 1795 quo
1934 1734 2061 1786 svm-

309 1795 493 1844 bolum
515 1792 895 1860 Apostolorum
910 1827 924 1848 ,
946 1793 1044 1842 una
1065 1811 1183 1843 cum
1208 1796 1483 1859 Evangelio
1509 1796 1576 1844 D.
1601 1797 1811 1853 Joannis
1826 1829 1839 1850 ,
1862 1791 2060 1846 subtilis·

310 1858 440 1907 fimo
467 1859 666 1907 calamo
687 1870 963 1912 exaratum,
984 1858 1100 1922 legit
1127 1859 1367 1908 Clemens
1388 1860 1504 1909 VII.
1530 1859 1760 1907 Pontifex
1775 1860 2060 1911 Romanus.

308 1923 408 1972 Sed
431 1921 553 1984 quid
573 1922 710 1971 Artis
736 1921 965 1986 prodigia
989 1918 1014 1970 e
1043 1924 1330 1987 longinquo
1355 1923 1720 1984 conquirimuS,
1742 1922 1860 1972 curn
1883 1925 2063 1973 dome-

305 1982 423 2034 stica
456 1986 838 2058 propemodum
861 1985 1120 2035 vilescant?
1165 1987 1285 2049 quid
1320 1988 1674 2039 communius,
1700 1986 1853 2049 quam
1889 1989 2060 2037 ciceris
2105 1986 2121 1994 “

302 2063 464 2113 grano
494 2049 706 2098 inclusos
724 2064 927 2097 cernere
959 2049 1169 2114 cyathos
1194 2049 1301 2114 plus
1323 2049 1476 2112 quam
1497 2061 1728 2105 centum,
1759 2046 1950 2113 eosque
1967 2051 2059 2102 fin·

305 2112 453 2175 gulos
471 2145 483 2165 ,
506 2115 690 2162 rotati‘li
722 2110 888 2161 ansula
909 2145 921 2165 ,
956 2114 1083 2162 infra
1118 2129 1335 2178 cuppam
1361 2110 1654 2162 instructos?
1690 2114 1811 2176 quid
1840 2115 2057 2164 obvium

305 2172 644 2238 magis,quam
666 2178 837 2225 videre
856 2174 1111 2226 Christum
1131 2173 1157 2225 ὲ
1172 2179 1336 2227 Cruce
1355 2177 1650 2242 pendulum,
1664 2176 1763 2225 una
1787 2193 1904 2225 cum
1918 2179 2058 2228 Lon-

307 2239 437 2302 gini,
464 2252 600 2299 equo
619 2239 868 2288 insidentis
885 2273 898 2294 ,
918 2238 1215 2302 hastamque
1245 2241 1480 2289 vibrantis
1515 2239 1704 2304 effigie,
1729 2240 1954 2290 anserino
1981 2257 2063 2291 ca-

306 2303 448 2350 lamo
470 2300 742 2349 inclusum?
778 2302 881 2350 haec
901 2307 1015 2365 quia
1043 2303 1207 2368 saepius
1231 2304 1355 2358 visa,
1380 2307 1595 2368 pretium
1623 2303 1926 2368 deperdunt,
1947 2319 2056 2352 non

308 2366 518 2414 Artem:
555 2378 664 2425 quae
684 2363 717 2412 si
737 2365 925 2413 vidiss'et
937 2367 1323 2420 Callicrates,sua
1344 2370 1556 2416 minima
1570 2370 1795 2417 maximis
1811 2383 1918 2415 non
1936 2381 2056 2430 prae-

307 2425 513 2480 tulisset,
535 2425 616 2475 sed
638 2428 773 2477 velut
792 2425 969 2478 nostris
989 2432 1189 2480 minora
1212 2432 1433 2480 minimis
1459 2429 1844 2496 contempsisset.

433 2490 631 2541 LEUC:
701 2489 976 2541 Enimvero
1003 2490 1344 2548 demonstras,
1367 2491 1511 2557 quod
1541 2492 1663 2543 ficut
1695 2496 1747 2541 in
1778 2490 2055 2555 conchyliis

306 2569 523 2619 gem-rnae
540 2585 555 2610 ,
578 2556 645 2605 ita
663 2555 717 2605 in
736 2569 888 2620 parva
908 2557 1219 2621 quandoque
1238 2557 1430 2624 pixide,
1451 2572 1637 2621 magna
1664 2557 1816 2605 latere
1825 2555 2052 2670 §clenna

1883 2632 1986 2668 em-
