2175 2911
747 127 865 180 circe
886 129 1192 192 Philosbpbica.
1679 149 1698 185 1
1708 148 1778 197 09

57 225 61 229 ’
91 217 286 272 utinam
306 231 415 270 non
438 214 709 269 novissem!
744 219 832 280 qui
852 217 991 268 velut
1002 217 1201 280 Aquilae
1223 221 1351 271 inter
1368 222 1498 277 suos,
1521 222 1702 288 ingenii
1724 238 1834 290 per-

90 280 323 348 spicacia,
348 280 553 332 tenuere
581 283 876 346 primatum:
922 279 1004 329 sed
1028 295 1212 345 nempe
1242 296 1347 333 tarn
1372 285 1457 335 diu
1519 288 1655 341 rimi,
1675 285 1833 351 quam

91 351 178 399 diu
198 345 341 398 casti:
388 345 471 394 ubi
501 340 757 409 repudiata
784 343 1010 398 Pallade,
1041 343 1304 407 amplexati
1333 348 1442 397 sunt
1503 363 1684 399 ercora
1704 367 1719 404 3
1743 349 1832 401 ubi

90 414 323 478 Virgines
343 406 474 458 exofi
496 406 678 461 Musas,
700 406 774 455 his
805 406 1030 455 sordibus
1051 405 1098 454 se
1118 406 1464 468 inquinatam,
1483 426 1609 460 mox
1629 410 1832 462 hebeta„

85 477 128 527 ri
149 475 437 541 ingenium,
461 487 584 519 mox
604 469 822 521 totidem
837 469 1068 534 gradibus
1090 467 1118 517 ὲ
1137 468 1375 522 litterario
1395 474 1627 538 profectu
1653 474 1833 525 defice-

85 555 158 594 re,
180 549 311 603 quot
329 536 375 585 se
391 538 437 584 se
457 532 669 599 passibus
693 533 1013 598 impudicitiae
1030 530 1338 583 iffiersetunt.
1405 539 1675 602 Margarita
1691 554 1832 587 nem-

125 619 151 650 e
170 599 239 651 est
259 601 532 664 Sapientia,
552 597 634 646 sed
659 612 768 660 quae
790 597 955 662 porcis
975 609 1086 645 non
1105 597 1428 653 conceditur,
1453 602 1619 651 necin
1636 601 1831 651 voluta.

85 617 183 716 Ero
203 664 426 714 sordium
458 663 711 723 reperitur.

213 726 410 777 LEUC:
479 725 528 772 Si
550 724 806 787 Sapientiae
829 723 1096 772 Candidati
1119 734 1199 771 tot
1222 720 1248 772 ὲ
1278 723 1463 788 philtris
1487 727 1826 778 incommoda

83 791 345 841 hauriunt,
369 797 590 850 oportet,
612 797 666 831 ut
687 784 713 832 ὲ
734 787 913 833 virtute
933 787 1141 848 Angelis
1162 785 1341 850 agnata
1355 821 1368 841 ,
1392 791 1607 837 totidem
1630 791 1826 839 trahant

84 853 450 903 emolumenta.
524 849 678 892 MEL:
758 849 831 895 lta
851 845 944 902 est,
962 847 989 897 a
1013 850 1269 906 contrariis
1301 849 1410 899 fluit
1432 851 1535 900 hoc
1563 868 1827 916 argumen-

80 931 208 965 tum.
277 913 416 961 Nam
443 911 554 959 vitae
577 910 763 957 Puritas
779 911 1063 966 cerebrum,
1082 912 1227 975 quod
1251 914 1432 977 ingenij
1454 914 1590 962 sedes
1609 911 1830 965 est,tem-

77 989 242 1044 perat,
270 974 457 1039 spiritus
487 973 653 1021 vitales
676 972 962 1029 conservat,
981 976 1440 1040 concupiscentiam
1466 977 1660 1028 domat,
1686 992 1828 1026 men-

76 1055 183 1090 tem
205 1049 371 1087 tuetur
392 1037 612 1084 serenam
627 1070 640 1086 ,
666 1034 837 1098 sicque
868 1052 1165 1101 promptum
1183 1072 1195 1092 ‚
1219 1055 1278 1087 ac
1300 1041 1545 1103 perspicax
1577 1040 1739 1089 reddit
1755 1041 1828 1089 in-

78 1105 303 1169 genium.
372 1100 505 1147 Hinc
527 1094 611 1150 est,
635 1113 723 1145 cur
744 1114 903 1146 nemo
930 1099 1118 1148 facilius
1140 1101 1344 1158 scientiis
1364 1105 1647 1158 eminuerit,
1668 1102 1826 1166 quam

78 1168 164 1231 qui
188 1162 331 1213 fimul
359 1158 577 1210 castitate
604 1160 856 1209 excelluit:
894 1164 1063 1209 DEUS
1074 1164 1236 1215 enim,
1267 1161 1556 1228 Augustino
1584 1168 1826 1231 Interpre-

76 1243 127 1279 te
141 1263 154 1283 ‚
176 1244 256 1274 non
279 1225 353 1284 nzfi
373 1226 524 1270 mundo
548 1225 670 1270 corde
690 1239 843 1269 verum
854 1223 959 1280 sciri
985 1225 1142 1272 voluit.
1221 1222 1396 1275 Lustra
1410 1262 1423 1278 ‚
1448 1227 1483 1275 si
1502 1228 1657 1283 lubet,
1676 1228 1823 1294 ephe·
1843 1232 2058 1297 insoliloq.

75 1289 292 1342 merides
313 1289 574 1352 Scriptura:
596 1285 748 1335 sacras
762 1319 775 1339 ,
798 1288 848 1335 ὃ(
866 1289 1079 1336 veritatis
1102 1286 1244 1344 hujus
1270 1286 1412 1338 testes
1444 1292 1692 1346 invenies,
1713 1307 1824 1342 non

74 1367 172 1408 tot,
195 1354 318 1417 quin
337 1351 515 1416 plures,
592 1351 647 1398 N
651 1349 844 1410 unquid
869 1351 995 1397 inter
1018 1349 1180 1398 sacros
1207 1353 1361 1400 Vates
1384 1357 1594 1404 eminuit
1612 1355 1823 1405 Daniel?

73 1421 124 1469 ὅ(
142 1417 476 1468 viroinitatem
498 1411 709 1460 fideliter
729 1411 904 1464 coluit,
919 1414 969 1461 ὅ(
989 1410 1290 1461 constanter.
1362 1415 1450 1463 An
1469 1431 1578 1464 non
1596 1419 1724 1465 inter
1735 1419 1823 1466 Pa-

71 1454 305 1530 triarcssas
331 1475 517 1541 Joscph
547 1472 1040 1538 intelligentiffimus?
1091 1474 1171 1522 sed
1201 1476 1445 1537 quamdiu
1479 1475 1662 1528 castus:
1709 1478 1822 1542 post

73 1541 496 1607 HymenaeiSacra
517 1539 762 1587 conticuit
781 1537 973 1587 sacrum
992 1537 1095 1587 hoc
1107 1538 1618 1604 AEgyptiOraculum.
1672 1539 1821 1591 Non-

69 1623 136 1656 ne
159 1608 288 1655 inter
313 1597 646 1666 Evangelistas
674 1602 898 1658 Joannes
929 1601 1143 1664 Aquila,
1175 1602 1353 1651 Paulus
1383 1604 1512 1652 inter
1533 1602 1820 1669 Apostolos

68 1668 306 1720 Cherub,
325 1669 454 1714 inter
476 1664 731 1714 Doaores
749 1663 977 1713 Thomas
998 1665 1226 1729 Angelus
1254 1665 1418 1715 audit?
1464 1666 1546 1716 sed
1568 1671 1619 1718 δε
1637 1667 1687 1717 hi
1706 1669 1822 1719 Vir-

68 1735 206 1798 gines
231 1741 385 1783 crant,
408 1731 458 1778 ὃ(
479 1728 588 1791 plus
608 1728 810 1775 Puritati
833 1729 968 1781 vitat,
994 1727 1149 1790 quam
1180 1728 1269 1778 suae
1287 1725 1536 1779 industriae
1561 1730 1818 1780 scientiam

67 1790 377 1858 adscripsere.
477 1791 605 1840 Felix
618 1825 630 1840 ‚
654 1790 722 1838 nil
744 1790 914 1839 dubita
929 1824 941 1845 ,
962 1791 1029 1840 ibi
1050 1794 1141 1840 erit
1161 1788 1443 1841 studiorum
1461 1793 1714 1848 successus,
1730 1794 1816 1844 ubi

69 1853 381 1908 Castimonia
400 1857 489 1903 erit
510 1849 760 1918 Magistra.
840 1855 1116 1904 Revelante
1137 1856 1294 1905 Coelo
1314 1857 1574 1906 veritatem
1595 1856 1726 1907 hanc
1746 1857 1817 1908 di-

67 1923 204 1974 dicit,
221 1921 348 1967 inter
368 1917 572 1983 Sophos
593 1913 775 1965 illustre
785 1918 1015 1972 Nomen,
1031 1920 1302 1984 Gregorius
1319 1921 1692 1970 Nazianzenus:
1713 1920 1816 1976 hic,

67 1986 351 2034 etiamnum
379 1985 430 2031 in
458 1983 689 2046 Peripato
710 1980 1048 2037 Adolescens,
1077 1983 1201 2032 dum
1229 1986 1364 2033 miro
1396 1982 1605 2034 scientiae
1628 1984 1815 2034 defide-

63 2051 143 2097 rio
177 2043 421 2099 aestuaret,
441 2044 677 2094 fluctuare
702 2048 883 2108 coepit,
905 2046 966 2094 de
999 2046 1131 2095 reita
1159 2046 1415 2111 Sapientiae
1444 2046 1637 2097 semita:
1691 2047 1813 2097 cum

63 2112 205 2160 ecce!
243 2125 330 2174 per
352 2110 573 2171 quietem
588 2141 601 2162 ,
623 2107 743 2156 duas
764 2107 850 2158 fibi
871 2105 1079 2157 assistere
1096 2110 1352 2173 Virgines,
1375 2109 1516 2175 supra
1535 2111 1811 2161 mortalem

65 2175 288 2223 formam
311 2168 534 2220 venustas
552 2203 564 2224 ,
587 2170 780 2234 aspexit.
879 2173 970 2221 Hae
990 2173 1156 2226 subin,
1178 2172 1458 2238 spectaculo
1490 2173 1594 2223 hoc
1626 2178 1808 2226 attoni·
1829 2179 1883 2225 In
1907 2176 2021 2224 vita.

62 2249 201 2290 tum,
222 2234 501 2284 adhortari:
550 2247 777 2298 pergeret
807 2233 964 2299 porro
985 2252 1093 2284 non
1121 2238 1380 2286 minorem
1397 2238 1624 2292 Puritati,
1653 2238 1809 2301 quam

60 2301 232 2350 litteris
251 2313 432 2346 navare
457 2312 695 2362 operam:
730 2299 871 2345 altera
891 2301 1017 2351 enim,
1042 2300 1352 2362 inquiebant,
1370 2317 1422 2348 ex
1438 2299 1555 2348 nobis
1573 2304 1803 2362 Sapientia,

62 2365 203 2411 altera
218 2360 388 2414 Castitccs
409 2363 592 2407 dicitur.-
627 2358 744 2419 miffie
754 2361 899 2419 sitmus
915 2361 942 2408 d
963 2365 1152 2410 Domino
1170 2362 1369 2411 habitare
1388 2377 1543 2416 tecum,
1567 2369 1668 2429 quia
1688 2380 1804 2410 mun-

64 2429 162 2473 dum
182 2424 302 2471 nobis
326 2421 615 2470 habitaculum
626 2424 892 2485 praepardsti:
927 2424 1034 2476 haec
1056 2425 1139 2476 ubi
1161 2425 1328 2477 dixere
1355 2429 1566 2478 Sorores
1588 2428 1703 2479 iflae,
1726 2437 1804 2473 to-

63 2501 168 2538 tam
179 2488 489 2539 Nazianzeni
511 2499 737 2536 mentem
755 2504 878 2537 mox
901 2487 1109 2539 subiere.
1145 2492 1207 2540 Et
1226 2491 1468 2555 quorsum
1491 2489 1607 2540 ista?
1640 2485 1725 2536 nifi
1745 2499 1799 2536 ut

65 2566 123 2605 ex
133 2546 271 2606 hisce
294 2549 502 2603 tandem
520 2551 762 2616 intelligas
775 2584 790 2610 ,
810 2552 890 2606 vel
906 2552 1236 2677 giii3ciendam
1259 2557 1517 2624 Sapientiae
1533 2549 1799 2665 spergiaigei
