2175 2911
57 1827 115 1874 L.
133 1835 174 1872 2.
195 1825 244 1870 de

57 1889 272 1936 Coel.text.

58 1952 140 1999 60.
160 1952 192 1998 l.
213 1964 230 1995 1
243 1986 255 1996 .

60 2016 252 2062 Mereor.

368 111 431 168 '48
981 107 1224 172 Diphtbera
1241 104 1390 169 Jovfs.

304 194 371 244 ad
391 193 622 244 Siderum
650 191 884 245 ordinem
901 227 915 250 ,
933 210 1203 246 numerum
1227 230 1239 251 ,
1269 193 1697 261 magnitudinem,
1723 189 2055 246 differentiam

305 258 551 308 humeros
570 257 904 312 contrahunt,
927 261 976 309 &
1001 259 1255 308 afinorum
1283 271 1498 325 pontem
1528 272 1720 308 tranare
1747 256 1968 322 primum
1989 261 2059 306 in-

307 324 499 386 cipiunt
513 354 526 375 ,
546 321 642 370 hos
661 322 847 371 occulti
866 322 933 370 nil
956 323 1101 371 lateat
1116 355 1128 375 ,
1150 324 1218 370 nil
1238 324 1392 387 fugiat
1411 323 1596 371 futuri?
1633 321 1730 371 vah
1754 322 1961 368 extremi
1981 322 2058 369 In-

309 385 438 448 genii
461 399 668 450 vappas,
692 387 740 435 <Sc
761 386 939 435 nullius
959 386 1145 442 consilij
1173 387 1380 448 pecora!
1417 388 1510 448 quis
1528 388 1639 431 enim
1666 397 1756 430 tam
1777 386 1971 443 patiens,
2002 386 2065 431 &-

304 448 500 508 ferre-us,
521 462 570 495 ut
595 462 739 494 teneat
748 449 827 505 se?
860 449 940 498 sed
964 452 1078 512 quia
1107 451 1300 512 ipsimet
1328 447 1429 497 hoc
1455 446 1667 496 asserunt
1689 480 1701 501 ‚
1730 442 1874 494 testes
1912 447 2060 494 omni

312 515 609 576 exceptione
629 513 860 568 majore5‚
885 515 1025 575 quia,
1049 512 1102 561 ut
1130 512 1280 561 habet
1305 510 1658 576 proverbium,
1683 511 1807 556 velut
1835 509 2063 568 ¹Astrologi

309 576 554 626 mendaces,
590 574 768 623 demus
791 609 804 629 ‚
834 576 976 638 quod
1011 579 1060 625 ὃς
1092 576 1316 624 Arcades
1345 575 1586 623 Balaamo
1617 572 1950 638 prophetent,
1980 573 2062 620 de-

310 653 426 687 mus
441 671 453 692 ,
474 635 618 701 quod
640 638 975 703 Diphtheram
995 641 1135 697 Jovis
1155 640 1284 688 a'e‘rei
1315 650 1480 686 totam
1510 637 1727 699 denique
1751 633 2058 689 devorarint,

309 717 374 751 an
394 699 501 750 satis
522 701 625 750 hoc
647 703 759 754 erit,
790 702 851 751 ad
875 715 1033 756 certa,
1057 717 1165 765 quae
1190 701 1397 764 quidem
1426 700 1628 756 merant,
1661 700 1952 748 futurorum
1979 714 2064 747 au-

307 766 477 829 guria?
513 760 723 813 minime
747 767 997 829 gentium:
1034 781 1154 813 nam
1186 764 1320 814 unde
1344 765 1434 812 illis
1469 776 1572 810 tam
1605 763 1925 811 adamantina
1957 763 2062 810 vin-

307 829 495 881 cula,ut
514 827 831 877 voluntatem
859 828 1067 877 liberam
1090 824 1437 877 adAstrorum
1462 826 1830 878 influxus,vclut
1854 827 2060 873 Prome-

310 891 488 939 theum
518 890 581 938 ad
614 906 793 955 rupem
823 891 1030 940 Caucasi
1062 888 1392 953 adstringant?
1447 889 1581 938 unde
1613 888 1938 952 telcscopium
1973 888 2063 935 illis

309 965 416 1002 tam
442 953 710 1018 perspicax,
741 966 794 1001 ut
833 953 1070 1001 fortuitos
1097 953 1353 1000 caularum
1383 951 1679 1003 concursus,
1712 949 1738 999 ὲ
1768 950 1946 1012 quibus
1981 951 2064 998 de-

307 1015 532 1082 pendent
554 1014 756 1062 effeetus
771 1046 784 1065 ,
807 1029 916 1062 non
943 1013 1108 1061 modo
1140 1026 1280 1059 totos
1308 1014 1624 1075 perspiciant,
1650 1012 1727 1060 sed
1750 1016 1901 1060 etiam
1920 1027 2063 1061 com-

306 1076 649 1143 prehendant?
684 1090 805 1122 nam
826 1074 960 1137 finge
982 1106 996 1127 ,
1020 1076 1073 1120 in
1104 1075 1317 1137 Lyciaca
1346 1077 1476 1126 acie,
1507 1073 1674 1136 Pegasi
1707 1075 1902 1137 ungulae
1923 1108 1936 1127 ,
1968 1077 2064 1123 cla-

306 1155 434 1189 vum
464 1137 596 1185 male
623 1135 833 1184 infixum
859 1169 873 1189 ,
900 1136 1210 1184 claudicante
1240 1150 1376 1197 equo
1411 1135 1863 1199 Bellerophontem
1896 1140 2065 1186 conci-

307 1203 452 1254 dere,
487 1198 675 1247 turbari
707 1199 909 1248 ordines
932 1232 945 1252 ,
976 1199 1248 1248 confusum
1276 1199 1475 1248 devinci
1504 1201 1805 1253 exercitum,
1827 1196 1998 1248 vastari
2035 1200 2066 1251 a

304 1264 499 1314 vietor-e
520 1263 802 1327 provincias
817 1298 828 1313 ‚
851 1265 901 1312 ὅ(
921 1264 1311 1310 innumerorum
1329 1261 1604 1310 hominum
1627 1261 1855 1311 fortunas
1880 1265 2061 1311 everti:

305 1326 443 1377 unde
459 1326 658 1388 „quaeso
680 1359 692 1379 ,
715 1341 772 1373 ex
794 1322 950 1374 Asttis
979 1325 1277 1389 prospicient
1306 1325 1552 1375 sexcentas
1582 1325 1830 1381 ejusmodi
1853 1328 2064 1375 circum·

306 1387 519 1442 stantias‚
544 1404 759 1451 quatum
779 1390 924 1436 unica
944 1403 1052 1436 non
1079 1386 1191 1437 raro
1222 1400 1385 1436 totam
1417 1388 1673 1452 perturbat
1695 1388 1966 1438 effeetuum
1995 1390 2064 1437 se-

306 1454 434 1501 riem
455 1455 470 1499 3
507 1451 641 1499 unde
665 1450 831 1500 unde?
866 1450 1049 1501 dicant,
1074 1450 1107 1498 si
1128 1450 1355 1514 poss'unt,
1379 1452 1459 1500 sed
1479 1452 1654 1506 verba,
1674 1467 1821 1502 more
1842 1451 1932 1503 suo
1953 1467 2063 1502 non

306 1515 548 1566 vendant,
577 1526 648 1577 ut,
671 1526 843 1565 totum
864 1513 985 1562 cum
1011 1514 1221 1562 dixerint
1236 1547 1248 1567 ,
1265 1514 1433 1563 dicant
1459 1515 1598 1564 nihil.

431 1577 628 1628 LEUC:
699 1578 826 1625 Non
851 1580 1058 1625 inaniter
1076 1579 1257 1641 premis
1284 1596 1293 1625 ε
1331 1578 1518 1627 cedunt
1540 1579 1804 1642 equidem,
1840 1579 2062 1629 necdum

302 1653 476 1690 tamen
498 1638 645 1704 plena
664 1637 781 1703 fuga
801 1639 1057 1688 recedunt.
1158 1641 1414 1705 Suppetias
1438 1642 1604 1690 ferunt
1624 1643 2063 1706 iplaimpedimen-

303 1716 355 1753 ta
370 1705 720 1764 Antiquitatis:
755 1703 1221 1752 immemorabilem
1235 1736 1248 1756 ‚
1268 1704 1452 1757 nescio,
1466 1704 1602 1758 cuius
1616 1707 1922 1769 experientiae
1945 1721 2063 1769 prae-

302 1767 624 1832 scriptionem
646 1766 883 1829 allegant,
907 1781 1005 1828 qua
1028 1767 1071 1814 se
1092 1768 1142 1814 in
1162 1766 1499 1831 Philosophici
1513 1767 1608 1816 fori
1628 1766 1924 1831 poffeffione
1935 1769 2062 1815 tueri

302 1831 542 1894 satagunt.
587 1830 931 1893 AEgyptiacam
951 1831 1188 1881 Gentem,
1206 1827 1325 1878 teste
1339 1830 1667 1895 Philosopho,
1689 1831 1932 1878 Gentium
1948 1845 2062 1879 om-

303 1897 446 1943 nium
456 1893 860 1956 antiquiliimam,
883 1895 932 1942 <Sc
945 1892 1232 1942 Matheseos
1253 1894 1316 1943 ad
1328 1890 1692 1958 superstitiones
1708 1907 1862 1955 usque
1876 1889 2061 1941 studio-

304 1955 404 2005 sam
419 1989 430 2008 ,
456 1954 756 2019 Astrologiae
780 1954 939 2004 finon
961 1969 1248 2020 parentem,
1291 1954 1425 2006 certe
1447 1954 1770 2005 obstetricem
1787 1955 1881 2004 ess'e
1901 1955 2060 2021 perhi-

306 2019 426 2068 bent
453 2036 461 2065 :
510 2021 791 2068 Nationem
813 2018 936 2066 vero
968 2019 1295 2069 Chaldaicam
1315 2019 1448 2070 adeo
1467 2020 1686 2068 sedulam
1707 2022 1978 2072 nutricem,
2008 2031 2062 2067 ut

306 2080 734 2130 observationibus
768 2083 1149 2146 propemodum
1176 2083 1376 2132 infinitis
1404 2119 1416 2135 ,
1456 2084 1626 2132 creetis
1654 2082 1754 2131 line
1781 2081 1882 2131 fine
1903 2082 2058 2130 horo-

309 2144 486 2208 scopis,
511 2158 594 2206 pet
613 2144 975 2208 quadringenta
1001 2145 1240 2201 omnino,
1264 2150 1313 2196 ὅ(
1339 2147 1664 2210 quadraginta
1685 2160 1938 2195 annorum
1952 2145 2059 2195 mil-

306 2208 370 2256 lia
389 2206 601 2256 coluerit
620 2207 807 2270 semper
821 2241 833 2259 ,
859 2211 907 2256 ὃς
927 2210 1226 2263 excoluerit,
1250 2206 1468 2274 equibus
1490 2211 1837 2275 experimentis
1851 2241 1863 2261 ,
1882 2221 1968 2270 per
1979 2218 2057 2255 tot

304 2284 473 2318 rerum
491 2281 696 2316 eventus
719 2270 1082 2332 probatiliimis‚
1095 2272 1195 2322 Ars
1208 2270 1295 2322 ista
1316 2273 1533 2337 denique
1553 2272 1777 2325 collecta,
1797 2284 1854 2318 ac
1869 2268 1932 2317 ad
1945 2284 2058 2318 mo-

305 2333 518 2380 dernum
541 2329 750 2379 deduch
772 2336 980 2395 apicem.
1093 2336 1249 2382 MEL:
1317 2337 1480 2387 Serius
1500 2352 1574 2391 es,
1611 2333 1752 2398 quod
1775 2329 1860 2380 ista
1880 2343 1934 2379 tu
1953 2331 2054 2380 fine

310 2395 427 2444 risu:
465 2394 572 2456 quis
591 2408 697 2442 non
723 2390 955 2457 stupescat
973 2396 1346 2464 Chronologos
1365 2400 1416 2449 su
1453 2415 1507 2448 ra
1528 2411 1723 2447 aetatem
1748 2394 1926 2444 mundi
1952 2410 2057 2444 eru-

309 2458 469 2508 ditos?
504 2470 636 2504 ceras
661 2455 768 2518 quis
795 2471 899 2504 non
928 2461 1159 2516 miretur,
1192 2463 1246 2511 in
1268 2459 1426 2513 Astro
1448 2458 1592 2526 ogica
1603 2460 1777 2520 stirpe,
1797 2454 1928 2506 adeo
1947 2457 2057 2507 fuli-

310 2519 502 2585 ginosas
515 2551 528 2573 ,
553 2522 602 2572 ὅ(
617 2517 838 2570 nobiles?
855 2522 960 2582 quis
984 2538 1093 2574 non
1117 2525 1276 2582 videt,
1296 2526 1387 2577 nifi
1402 2523 1544 2591 stipes
1556 2525 1606 2574 ὅ(
1618 2519 1809 2572 caudex
1820 2518 2055 2632 finglum-

1936 2599 1961 2631 e
1973 2618 1987 2634 ‚
