2175 2911
111 770 229 818 Ptin.

84 1372 140 1415 P.
156 1365 290 1412 Nier.

83 1428 200 1482 Hzst.
213 1438 303 1473 nat.

84 1494 115 1541 l.
127 1507 142 1538 1
156 1508 239 1539 2.c.
252 1503 268 1534 1
278 1501 307 1546 7

90 1558 184 1603 Car.
201 1554 293 1601 Clu-

80 1619 167 1681 fius
186 1619 214 1663 l.
236 1629 275 1663 Ι.

91 1684 286 1730 Exot.c.t
301 1711 311 1722 .

90 1743 313 1792 Plin.l.12

92 1823 130 1855 c.
149 1818 190 1865 5.

96 2022 306 2079 Kircber.

99 2089 219 2135 chin.
242 2085 305 2131 Il-

97 2149 216 2262 {ustr-

104 2226 325 2329 iiciyz‘Jnd.

103 2356 142 2388 c.
167 2352 244 2398 30.

138 2473 172 2521 l.
203 2471 276 2519 16.

141 2548 274 2593 c.40.

384 113 476 148 202
989 92 1168 156 Oedipus
1190 89 1399 154 Phyficm.

321 207 476 256 quarn
505 190 757 255 demergi,
775 201 840 238 ne
870 186 934 237 de
955 183 1190 238 industria
1217 184 1424 249 quidem
1440 216 1454 238 ,
1473 180 1618 234 facile
1637 179 1828 249 potest,
1846 185 1983 243 cujus
2004 185 2074 235 rei
2144 203 2147 251 ss
2160 190 2162 234 ῖ

322 257 722 320 experimentum
751 255 803 302 in
824 250 1128 311 juvenibus,
1148 249 1351 299 natandi
1373 249 1680 312 insciis,quin
1703 251 1753 298 ὅ(
1776 247 1948 298 vincitis
1967 245 2077 313 post
2144 257 2159 309 Ῑι,

321 330 459 383 terga
479 318 709 367 manibus
729 317 877 381 cepit,
893 318 943 366 <Sc
963 313 1219 379 obstupuit
1230 310 1569 377 Vespasianus.
1639 311 1781 363 Nihil
1807 313 1928 360 item
1953 326 2079 359 mer·
2144 323 2158 361 ὲν

322 383 392 446 git
407 381 624 447 Pythias:
664 378 842 430 contra
866 380 1058 431 omnia,
1081 382 1231 427 etiam
1251 376 1428 440 paleas,
1448 388 1598 439 atque
1617 378 1812 439 navigia
1831 375 2078 427 absorbet,

326 460 384 493 ac
399 443 562 495 haurit
586 444 755 508 Sylias.
808 442 948 510 Qid
964 438 1309 493 monstrosius,
1326 438 1481 497 quam
1496 442 1638 499 Rupes
1659 440 1910 485 ambulans?
1945 441 1993 487 ὅ(
2016 449 2084 486 ta·
2145 440 2158 480 ’;

322 523 445 556 men
469 508 598 563 iuxta
612 506 826 571 Harpasa
846 537 860 560 ,
877 504 1123 579 oppidum
1155 502 1284 552 Asiae
1301 535 1314 556 ‚
1338 499 1428 550 stat
1447 513 1613 551 cautes
1633 501 1885 551 horrenda
1906 534 1919 555 ,
1957 515 2081 555 uno,
2145 533 2175 555 ,μ

324 569 360 620 si
385 571 547 621 Plinio
574 571 841 624 credimus,
857 568 1014 633 digito
1045 567 1276 619 mobilis,
1299 580 1409 627 quae
1439 577 1638 618 tamen,
1658 563 1690 614 fi
1719 577 1836 614 toto
1867 578 2084 627 corpore

325 634 636 699 impellatur,
663 630 848 683 resistit.
915 634 1051 682 Sileo
1072 633 1164 679 alia
1188 626 1437 682 monstra,
1464 630 1591 677 inter
1620 643 1729 692 quae
1769 641 1906 693 petra
1930 629 2009 676 illa
2037 628 2088 676 in

327 696 622 762 Nymphaeo
638 731 650 752 ,
672 694 699 746 ὲ
721 713 818 761 qua
846 695 1032 760 prosilit
1057 695 1280 746 flamma,
1301 708 1409 755 quae
1433 692 1723 741 accenditur
1742 692 1941 757 pluviis:
1980 706 2088 739 non
2151 709 2160 728 Ἰ

332 776 703 811 commemoro
724 763 953 809 ocminos
978 771 1195 810 montes,
1212 772 1434 819 quorum
1461 757 1545 804 uni
1565 755 1670 804 haec
1690 757 1902 809 indoles,
1924 767 1977 803 ut
1999 754 2089 802 fer·
2146 799 2148 807 ,

328 840 444 873 rum
479 839 636 873 omne
659 799 844 876 tra-siat,
867 823 1032 875 alteri,
1055 834 1108 870 ut
1131 820 1349 883 respuat:
1388 822 1553 881 itaque
1584 819 1617 867 si
1646 819 1738 868 fint
1762 820 1887 868 clavi
1913 821 1964 866 in
1996 816 2091 865 cal·
2146 819 2148 837 ²

331 900 628 941 ceamento,
649 890 701 936 in
725 887 884 935 altero
908 886 1053 934 avelli
1071 900 1181 934 non
1206 881 1412 947 pollint,
1434 884 1481 929 in
1502 882 1659 931 altero
1681 898 1786 930 non
1810 880 1928 930 listi:
1967 881 2089 934 haec,
2146 879 2149 905 ¹

331 952 570 1012 inquam,
597 966 706 998 non
739 964 1109 999 commemoro
1131 980 1145 1001 ,
1177 962 1240 994 ne
1264 948 1315 993 in
1353 941 1691 994 monstrosam
1717 944 2093 1008 longitudinem

332 1012 514 1062 crescat
540 1012 790 1060 discursus.
1129 1059 1133 1063 .

464 1075 660 1124 LEUC:
731 1074 965 1120 Mentem
994 1083 1163 1117 meam
1192 1067 1225 1116 si
1249 1066 1504 1118 consulas,
1526 1082 1633 1115 non
1664 1064 1924 1121 absterret,
1945 1067 2093 1117 sedin

334 1133 570 1186 monstris
592 1134 800 1183 delcetat
821 1132 1091 1195 longitudo
1115 1127 1412 1178 monstrosa.
1483 1130 1624 1197 Qid
1651 1133 1787 1179 enim
1813 1131 2093 1188 jucundius,

337 1193 492 1262 quai’n
508 1200 676 1248 videre
699 1196 1336 1261 AnguemAmericanum,
1356 1193 1533 1240 incolis
1561 1196 1876 1247 Carcauhcoatl‚
1899 1194 1979 1244 seu
2003 1190 2096 1243 stu-

337 1263 514 1326 pidum
531 1295 544 1315 ,
566 1263 650 1323 qui
685 1259 792 1310 solo
826 1259 979 1307 halitu
1009 1257 1208 1306 attrahit
1239 1271 1442 1309 cervos,
1467 1250 1638 1320 estque
1673 1258 1823 1307 molis
1847 1257 1979 1307 adeo
2003 1254 2098 1307 stu-

337 1325 537 1389 pendae,
560 1337 613 1372 ut
646 1322 920 1386 aliquando
941 1321 1077 1373 Indi,
1104 1323 1195 1368 iter
1215 1319 1452 1368 facientes
1469 1352 1481 1373 ,
1503 1321 1569 1368 illi
1601 1321 1890 1374 insederint,
1911 1324 2000 1370 rati
2029 1336 2100 1370 ar-

336 1390 472 1439 boris
487 1386 580 1437 effe
601 1400 835 1436 truncatae
859 1386 1170 1437 molem,nec
1190 1381 1779 1448 agnoverintinstabilcm
1795 1384 1923 1433 hanc
1937 1388 1985 1435 &
2006 1397 2100 1433 ter·

340 1452 529 1503 rifi-cam
561 1451 752 1502 sedem,
776 1450 928 1511 usque
963 1448 1103 1499 dum,
1130 1462 1292 1511 angue
1323 1445 1495 1494 sensim
1526 1449 1921 1511 praeterlabente,
1947 1448 2099 1497 territi

341 1512 614 1565 surrexere?
655 1514 774 1577 quid
806 1513 1140 1561 admiratione
1173 1512 1365 1573 dignius
1388 1543 1399 1563 ,
1430 1509 1585 1572 quam
1616 1514 1950 1575 contemplari
1969 1510 2100 1569 ficum
2137 1516 2141 1519 ’

343 1580 535 1626 Indicam
551 1613 563 1628 ‚
585 1576 862 1641 quomodo
883 1591 940 1622 ex
964 1577 1116 1624 unico
1146 1570 1303 1637 stipite
1327 1572 1390 1621 sic
1411 1589 1582 1622 ramos
1616 1575 1727 1623 suos
1747 1576 2022 1628 diffundat,
2047 1586 2102 1625 ut

344 1642 432 1690 suo
462 1642 686 1706 pondere
715 1640 933 1690 curvati,
954 1654 1126 1686 annuo
1148 1637 1329 1702 spatio,
1355 1649 1489 1685 tertae
1514 1636 1687 1688 denuo
1707 1639 2102 1704 infiganturmo-

345 1703 534 1768 vasque
560 1717 706 1768 agant
729 1703 942 1751 radices?
979 1701 1257 1763 quomodo
1272 1700 1624 1749 succrescentes
1648 1717 1704 1749 ex
1722 1701 1920 1752 surculis
1942 1703 2103 1752 surcu-

343 1768 403 1822 li,
428 1784 581 1832 opere
602 1766 830 1830 quodam
855 1767 940 1814 To
978 1767 1101 1814 iario
1117 1797 1129 1819 ,
1151 1764 1214 1813 fic
1241 1765 1293 1812 in
1317 1765 1498 1813 orbem
1530 1767 1732 1827 cingant
1758 1766 1894 1814 suam
1919 1767 2098 1814 Paren-

343 1843 477 1886 tem,
508 1845 587 1880 tot
616 1831 750 1885 filiis,
775 1832 946 1892 nepoti
989 1828 1145 1891 usque
1172 1827 1424 1876 frondosis
1458 1828 1786 1883 foecundam,
1807 1841 1862 1878 ut
1894 1829 1958 1878 ad
1985 1829 2102 1878 bina

347 1892 499 1943 stadia
519 1894 808 1959 porrectum
831 1892 972 1956 sylvae
995 1892 1245 1940 theatrum
1272 1894 1492 1956 aperiant
1507 1924 1519 1944 ,
1541 1891 1677 1948 cujus
1707 1892 1886 1941 umbra
1909 1893 2104 1955 aliquot

350 1958 624 2008 hominum
658 1957 812 2005 millia
846 1952 1006 2004 aestate
1026 1955 1071 2003 se
1093 1967 1393 2018 contegant,
1416 1958 1465 2004 &
1496 1954 1833 2005 delectentur?
1868 1956 1978 2006 imo
1999 1970 2104 2005 me·

358 2023 499 2075 mini,
523 2037 606 2070 me
633 2019 796 2085 legiffe
813 2053 824 2073 ,
849 2019 978 2077 juxta
1001 2031 1235 2067 montem
1258 2018 1461 2069 AEtnam
1498 2031 1599 2066 tam
1626 2021 1830 2068 exoticae
1857 2022 2104 2084 magnitu-

354 2083 478 2133 dinis
497 2081 743 2133 castaneas
766 2084 983 2148 reperiri,
1000 2085 1190 2131 utintra
1212 2084 1680 2147 corticem,integer
1698 2099 1947 2147 pecorum
1970 2099 2104 2147 grex,

2157 557 2175 627 li

2145 644 2175 690 ,η

2158 786 2175 811 w

2172 832 2175 880 l

2153 911 2175 940 *Ι

2146 957 2175 1018 fil

2147 1037 2175 1086 ἈΙ

2145 1098 2175 1132 ’1

2171 1148 2175 1197 l

2159 1288 2175 1321 ¹1

2160 1343 2175 1385 ’4

2159 1415 2175 1451 ³1

2146 1534 2175 1642 l:

2145 1571 2162 1880 l

2145 1845 2159 2076 l

355 2159 595 2210 tanquam
617 2150 666 2195 in
693 2148 832 2195 caula
848 2180 861 2201 ,
886 2141 1170 2194 commode
1191 2145 1594 2195 concluderetur.
1678 2147 1902 2198 Alterius
1927 2148 2104 2196 memi-
2154 2147 2157 2170 '¹

2152 2115 2157 2137 'l

359 2215 431 2260 nit
451 2213 478 2269 J
485 2209 694 2274 osephus
715 2210 741 2258 a
761 2208 942 2262 Costa,
962 2224 1070 2271 quae
1091 2212 1271 2259 textori
1293 2209 1543 2275 praebebat
1572 2213 1860 2261 textrinam:
1895 2212 1947 2260 in
1969 2209 2105 2266 cuius
2145 2077 2175 2337 ¹.ss

360 2288 882 2345 quoque-concavum
914 2273 1036 2322 ocio
1067 2274 1313 2336 equitibus
1343 2273 1540 2333 patebat
1566 2274 1750 2330 aditus,
1786 2277 1836 2326 ὅ(
1866 2272 2102 2339 regressus
2167 2306 2175 2340 3

359 2339 545 2399 absque
576 2336 970 2399 impedimento:
1017 2337 1164 2390 hem,
1190 2350 1374 2401 quanta
1407 2337 1571 2387 moles
1597 2353 1653 2386 ex
1676 2338 1861 2388 semine
1879 2335 2098 2386 tantillo!
2146 2338 2150 2399 Ι

360 2402 441 2451 Sic
472 2399 622 2448 arbor
650 2397 881 2461 quaedam
911 2397 937 2446 a
957 2400 1082 2447 Sinis
1107 2401 1325 2451 Cz‘ennz'en,
1351 2400 1431 2448 seu
1465 2403 1579 2448 me'lle
1608 2419 1812 2452 annorum
1833 2397 2098 2464 appellata,
2146 2371 2175 2468 31}

360 2477 506 2513 tantae
531 2459 599 2512 est
622 2457 867 2514 vastitatis,
890 2474 943 2509 ut
964 2462 1049 2510 sub
1068 2465 1221 2513 unico
1241 2465 1340 2520 ejus
1362 2480 1509 2513 ramo
1530 2465 1754 2517 ducentae
1777 2470 1897 2514 ov'es
1915 2461 1960 2510 se
1978 2475 2101 2508 con·
2147 2478 2149 2497 ι
2173 2496 2175 2506 ⁴

357 2539 544 2595 tegant.
612 2526 826 2580 Miratur
857 2524 1040 2578 Plinius
1065 2527 1194 2580 illius
1223 2527 1415 2582 arboris
1441 2530 1863 2594 magnitudinem,
1888 2540 1997 2588 quae
2021 2538 2100 2576 ex·
2146 2538 2149 2583 ε

1893 2602 2037 2641 cava-

2146 2504 2149 2531 l
2173 2511 2175 2532 2
