2175 2911
103 918 278 966 Intelle-

101 982 204 1029 etus.

109 1348 142 1445 ΣἿῺΦ

167 1338 208 1457 *5¹2

140 1373 150 1388 .
195 1353 215 1383 e
232 1336 319 1383 ani.

408 113 465 170 56
963 109 1162 157 Flamma
1196 108 1465 156 Promethei.

337 224 451 259 non
473 219 661 259 unum,
683 202 766 254 sed
787 218 955 254 novos
984 201 1257 268 novosque
1286 204 1598 254 consarcinet
1621 201 1912 269 Calepinos.
2011 204 2107 254 Eu-

340 271 554 324 clidem,
584 281 771 317 notum
792 270 844 317 in
865 267 1080 318 Mathefi
1112 268 1396 323 oraculum,
1419 267 1704 322 consule,&
1730 262 1757 316 ὲ
1786 282 1860 316 10.
1888 266 2018 316 cifris
2037 270 2111 317 in·

340 349 588 386 numeros
609 332 699 381 tibi
728 348 969 381 numeros
996 332 1329 380 combina'bit.
1379 330 1575 395 Orphei
1594 330 1852 396 cytharam
1885 331 2106 396 explora,

342 403 392 449 &
425 397 615 447 videbis
642 393 669 445 ὲ
699 395 885 461 septem
916 395 1118 445 Musica:
1160 396 1419 443 elementis
1447 394 1774 443 harmoniam
1807 395 2109 458 consurgere

340 461 606 514 diss'onam,
633 475 740 508 non
763 473 842 508 tot
867 461 989 522 quin
1009 459 1174 523 saepius
1194 460 1460 508 variatam:
1498 472 1586 506 cur
1611 473 1660 506 er
1664 473 1732 522 go
1756 460 2009 507 memoria
2037 458 2108 506 di-

337 528 495 590 rigere
516 526 861 587 Protogenen]
891 536 1134 584 nequeat,
1163 522 1243 572 vel
1272 521 1537 586 Apellem,
1566 534 1619 569 ut
1645 520 1673 570 ὲ
1709 521 1906 570 diversis
1938 518 2107 571 vultus

336 589 548 638 humani
570 585 899 652 partibus,sed
922 587 1040 639 alio,
1062 581 1266 648 alioque
1288 584 1456 633 modo
1479 583 1560 633 vel
1583 587 1919 648 proportione
1946 584 2109 649 dispo-

337 652 460 706 fitis,
482 649 601 700 effin
638 663 686 698 at
725 648 957 698 infinities
991 649 1178 698 diversa
1205 648 1483 700 hominum
1513 647 1712 711 etitypa,
1747 663 1974 710 quorum
2001 648 2111 696 nul-

338 716 449 764 lum
481 713 580 762 hau
603 712 684 763 iss'e
717 712 930 762 sensibus
961 715 1114 761 ctiam
1143 728 1230 778 per
1268 713 1459 770 Jovem
1490 711 1710 776 lapidem
1746 711 1953 768 jurabit?
2004 710 2111 759 haee

340 792 527 842 nempe
550 777 658 826 sunt
686 789 871 825 natura:
897 776 1136 824 miracula
1153 809 1166 829 ,
1197 791 1306 839 quae
1334 777 1567 840 experiri,
1588 772 1881 825 concessum
1911 770 1979 822 est
2000 790 2113 824 om-

340 841 485 891 nibus
502 875 515 894 ,
537 839 992 905 comprehendere,
1013 855 1076 887 ne
1099 839 1309 902 quidem
1336 838 1536 903 SophiS.

469 904 668 955 LEUC:
705 903 1024 952 Crediderim
1046 900 1311 952 enimvero
1327 904 1409 956 ,in
1432 902 1693 950 memoriae
1727 900 1885 964 adytis
1909 899 2118 966 superest

343 967 392 1017 se
418 968 587 1034 plura,
607 982 716 1030 quae
742 966 990 1017 curiosam
1022 966 1092 1015 sui
1120 968 1428 1014 memoriam
1452 965 1739 1029 poscerent:
1776 964 1858 1013 sed
1875 964 1979 1013 hoe
2003 979 2119 1012 mo-

344 1031 415 1080 do
445 1031 508 1079 de
525 1032 780 1079 memoria
803 1029 867 1078 fic
888 1029 1239 1080 discurremus,
1266 1041 1320 1078 ut
1336 1026 1614 1079 intellestfis
1635 1027 1833 1092 penitus
1862 1027 2119 1076 oblivisca-

344 1110 476 1144 mur.
574 1095 732 1139 MEL:
769 1089 928 1141 Reffiz
950 1107 1148 1145 mones,
1174 1091 1319 1156 quod
1342 1093 1603 1139 memoria:
1627 1091 1857 1140 dedimus
1882 1092 2118 1144 nimium,

346 1155 664 1205 facultatibus
690 1155 894 1215 reliquis
924 1153 1262 1202 detrahemus.
1363 1153 1626 1205 Intelleem
1652 1166 1812 1206 caret,
1839 1155 1926 1216 qui
1950 1155 2002 1203 in
2028 1153 2120 1201 illo

348 1234 459 1268 non
479 1217 708 1280 intelligit
730 1213 1006 1265 intellectus
1026 1215 1349 1267 Authorem:
1388 1219 1467 1267 vix
1495 1218 1632 1264 enim
1654 1216 1771 1269 alibi
1793 1216 1932 1267 suam
1961 1232 2044 1264 ma
2078 1214 2122 1264 is

390 1283 639 1330 otentiam
669 1275 887 1328 ostendit
908 1281 1147 1333 Numen,
1169 1279 1325 1344 quam
1345 1282 1397 1328 in
1421 1277 1509 1329 ista
1532 1283 1775 1345 potentia.
1868 1281 1992 1333 Haec
2011 1281 2123 1329 Pni-

370 1344 571 1410 osopho
594 1343 772 1392 dicitur
789 1342 1022 1397 facultas,
1044 1357 1143 1405 qua
1171 1343 1527 1405 cognoscimus
1547 1346 1724 1396 omnia
1739 1377 1752 1398 ,
1777 1359 1888 1406 quae
1912 1343 2124 1406 quidem

351 1410 568 1460 veritatis
593 1406 801 1471 sphaera,
824 1404 972 1453 nobis
997 1404 1170 1461 objicit
1190 1406 1520 1472 percipienda.
1622 1409 1741 1459 Hoc
1765 1422 1890 1471 ergo
1910 1406 2126 1470 parado-

355 1488 474 1521 xum
504 1471 647 1527 huius
666 1469 901 1534 potentiae
924 1467 1113 1522 fatum,
1138 1481 1243 1519 tarn
1274 1470 1434 1518 multa
1465 1467 1609 1533 quod
1631 1471 1968 1533 intelligam&
1989 1469 2036 1518 se
2055 1471 2126 1533 ip-

355 1535 458 1584 sam
480 1537 694 1600 ignoret.
748 1534 807 1580 In
831 1531 999 1579 alienis
1017 1531 1163 1580 rebus
1183 1531 1245 1580 ad
1264 1529 1412 1581 insta-r
1438 1533 1564 1598 Argi
1586 1529 1656 1581 est
1676 1534 1877 1582 oculata
1893 1568 1904 1584 ‚
1929 1548 2058 1581 caeca
2074 1537 2127 1583 in

356 1598 474 1647 suis:
529 1594 654 1646 foris
684 1594 901 1649 erudita,
945 1593 1076 1644 intus
1096 1597 1290 1658 ignara,
1327 1609 1461 1644 extra
1481 1597 1526 1644 se
1546 1596 1731 1658 ubique
1753 1596 1980 1661 praesens,
2003 1598 2130 1644 intra

354 1662 401 1711 se
425 1661 618 1709 absens:
667 1657 854 1709 noss'et,
875 1657 1058 1711 credo,
1088 1659 1134 1705 se
1159 1659 1340 1725 ipsam,
1358 1658 1394 1710 sl
1419 1658 1446 1708 ὲ
1474 1659 1521 1710 se
1543 1658 1751 1713 abeffet,
1779 1663 1830 1713 ὃς
1859 1656 2051 1708 idcirco
2083 1659 2131 1707 se

355 1724 510 1789 ipsam
534 1739 644 1771 non
662 1721 822 1777 videt,
850 1723 967 1784 quia
985 1720 1073 1769 fibi
1093 1717 1161 1771 est
1183 1722 1400 1786 praesens.
1467 1723 1670 1787 Superi!
1706 1734 1894 1786 quanta
1920 1722 2129 1774 faculta-

354 1791 390 1837 ti
412 1787 530 1836 huie
558 1786 789 1835 facultas!
844 1786 1003 1833 cernit
1023 1783 1298 1849 praesentia,
1319 1786 1508 1850 inspicit
1537 1787 1732 1840 futura,
1753 1785 2014 1850 cognoscit
2043 1785 2131 1834 dis:

354 1851 440 1900 sita
455 1884 467 1905 ,
489 1851 684 1914 attingit
705 1848 947 1902 sublimia,
963 1860 1190 1913 penetrat
1215 1848 1405 1900 subtilia
1425 1881 1438 1902 ,
1469 1848 1708 1897 scrutatur
1738 1849 1993 1913 profunda
2015 1882 2028 1902 ,
2062 1849 2132 1898 di-

354 1913 740 1964 scernitbonum
760 1910 786 1961 a
807 1912 973 1965 malo,
998 1927 1178 1961 verum
1205 1909 1232 1960 a
1254 1910 1402 1976 falso:
1438 1927 1548 1960 non
1578 1909 1932 1976 constringitur
1961 1914 2132 1973 vincu-

355 1979 436 2032 lis,
470 1976 751 2026 carceribus
782 1990 894 2023 non
925 1974 1193 2023 cohibetur
1215 2008 1228 2030 ,
1259 1975 1450 2023 ferreos
1482 1975 1645 2026 vetstes
1664 2008 1678 2028 ,
1705 1974 1995 2038 clausasque
2015 1990 2132 2040 por-

356 2055 427 2089 tas
448 2057 540 2105 pro
561 2040 705 2088 libitu
726 2051 977 2104 penetrat,
1002 2041 1051 2098 ὃς
1076 2038 1160 2088 ubi
1179 2040 1232 2086 in
1255 2038 1471 2087 tenebris
1499 2051 1638 2103 putas
1658 2038 2131 2102 squallentem,ipsa,

360 2115 494 2153 extra
525 2103 569 2151 se
593 2102 771 2165 ipsam,
806 2118 892 2167 per
920 2101 1107 2151 Mundi
1131 2103 1339 2166 patentis
1370 2102 1518 2166 spatia
1545 2101 1790 2165 spatiatur.
1891 2102 2133 2150 Celeritas

361 2181 572 2230 quoque
600 2166 668 2214 illi
691 2162 759 2213 est
776 2166 995 2214 summa:
1032 2177 1308 2215 momento
1330 2166 1383 2213 in
1407 2165 1620 2214 Coelum
1639 2165 1837 2216 avolat,
1870 2167 1921 2214 δε
1951 2164 2131 2214 discur-

361 2233 421 2278 rit
443 2245 562 2277 cum
584 2229 817 2292 Angelis,
842 2241 1116 2278 momento
1149 2228 1212 2278 ad
1235 2241 1418 2277 terram
1439 2229 1719 2281 revertitur,
1740 2230 1789 2277 ὅ(
1811 2227 1965 2291 sylvas
1988 2231 2130 2277 inco·
2174 2231 2175 2238 ’

362 2293 439 2341 lit:
477 2307 612 2340 nune
643 2307 854 2353 aquam,
876 2308 1011 2341 nune
1034 2295 1228 2346 a'e'rem,
1253 2308 1387 2340 nune
1408 2293 1579 2356 ignem
1601 2293 1747 2356 petit,
1771 2293 2009 2340 omnium
2036 2293 2131 2341 ele·
2174 2293 2175 2308 ³

363 2367 664 2404 mentorum
686 2355 881 2403 incola:
919 2356 998 2404 sed
1015 2357 1140 2405 dum
1159 2358 1262 2420 igni
1282 2355 1328 2403 se
1345 2355 1607 2408 immiscet,
1620 2368 1729 2402 non
1748 2354 1986 2410 aduritur,
2003 2355 2131 2405 dum

368 2420 639 2468 Oceanum
660 2419 808 2465 intrat
824 2451 836 2471 ,
857 2433 966 2466 non
989 2420 1317 2484 demergitur,
1344 2419 1470 2468 dum
1493 2421 1662 2467 a'e'rem
1690 2417 1874 2471 visitat,
1900 2433 2006 2468 non
2038 2419 2131 2469 hu-

366 2481 626 2530 mectatur.
696 2481 809 2529 Plus
839 2481 955 2529 dieo
966 2515 990 2554 ,·
1004 2479 1169 2551 potest
1187 2483 1415 2532 tenebras
1431 2480 1645 2547 ingredi,
1671 2481 1793 2543 quin
1816 2481 2124 2539 obscuretur,

2172 2419 2175 2535 1

367 2558 626 2610 penetrare
647 2542 888 2601 nihilum,
910 2559 1031 2609 quin
1051 2546 1417 2598 confundatur:
1469 2544 1700 2596 meditari
1723 2557 1956 2612 tempora
1970 2579 1983 2599 ,
2007 2550 2130 2608 quin
2171 2539 2175 2604 l

1944 2608 2067 2659 fluat
