2175 2911
740 121 976 174 Academia
999 122 1249 173 Brutorum.
1712 127 1799 177 141

131 217 428 270 foeminam:
464 219 532 269 ibi
558 218 736 268 domat
764 218 815 265 in
836 218 904 265 ira
924 215 1153 267 Leones,
1173 216 1223 263 &
1244 211 1494 276 Tigrides:
1531 208 1615 260 hie
1642 207 1870 259 Arcades

131 284 376 336 debellat,
405 279 648 331 industriae
679 280 887 344 clypeos
921 277 989 325 ibi
1019 288 1264 341 expugnat
1288 276 1672 326 Cameleontes‚
1700 269 1875 320 demis-

127 346 277 395 sionis
290 343 573 396 Christianae
599 344 850 408 exemplo.
919 338 1018 391 Hic
1037 340 1235 405 Epicuri
1257 337 1438 389 affeclis
1465 337 1704 388 Alvearia
1723 348 1877 385 mon-

133 406 249 460 strat
278 410 380 459 hoc
397 410 664 457 lemmate:

290 474 461 520 Alvear
481 474 604 517 ecce!
638 469 784 516 Schola
806 466 859 522 est
870 490 888 522 ;
912 467 986 525 sed
1006 466 1062 513 (sy
1084 462 1138 519 est
1156 467 1264 526 Apis
1285 468 1411 513 ecce!
1443 462 1682 525 Magistra:

386 534 595 582 Doffores
622 535 752 580 Bruti
772 532 935 590 discite,
966 534 1105 577 Bruta
1131 530 1294 575 docent.

132 599 206 649 Ibi
235 600 474 710 liormicae
506 596 742 662 symbolo
784 598 952 661 pigros
981 588 1173 642 instruit
1203 591 1575 655 Endymiones,
1602 585 1746 640 affixit
1769 587 1879 653 Epi-

170 679 218 710 ra
269 678 334 710 ic.

134 677 166 726 g
221 680 251 727 p
385 723 618 782 Informem
647 724 723 769 hac
740 719 886 779 fhrmci
907 723 1080 782 pigrum
1106 720 1302 767 Formica
1327 716 1556 776 reformet:

473 786 762 847 Prospiciendo
778 782 972 842 famem,
993 783 1275 846 prospiciendo
1297 778 1429 839 fami.

131 874 190 924 In
220 877 365 926 Aulae
390 877 559 925 fronte
587 877 742 924 cernis
766 875 1056 924 Dostorem
1086 874 1395 939 Angelicum
1412 905 1426 927 ,
1447 874 1574 920 inter
1595 871 1746 918 Bruta
1775 883 1881 917 me-

131 939 271 986 dium
294 970 305 993 ‚
326 941 563 988 omnium
590 942 959 988 examinantem
986 941 1208 992 virtutes,
1229 940 1278 987 ὃς
1303 935 1578 1002 paradoxas
1601 929 1883 996 stupentem

130 1003 478 1066 proprietates:
518 1000 544 1051 ὲ
564 1003 841 1051 Brutorum
866 1002 1127 1051 virtutibus
1149 999 1447 1065 Sophorum
1469 997 1660 1060 colligit
1678 995 1811 1048 vitia,
1833 996 1883 1043 &

130 1075 187 1112 ut
205 1063 492 1113 affeetiones
520 1065 685 1113 brutas
717 1065 928 1113 domare
946 1064 1146 1118 discant,
1169 1065 1258 1112 suo
1280 1058 1454 1112 invitat
1478 1057 1739 1123 exemplos
1767 1053 1884 1106 vere

129 1127 347 1191 Sophus,
369 1130 484 1190 quia
504 1129 815 1192 appetituum
837 1128 1113 1183 Domitor,
1137 1128 1187 1177 ὃς
1210 1128 1492 1191 Imperator
1510 1124 1605 1174 sui:
1641 1122 1753 1186 lege
1783 1119 1884 1178 ejus

131 1190 344 1255 Imagini
368 1192 578 1242 incisum
597 1191 852 1256 Elogium.

634 1306 860 1364 Angelum
881 1306 1028 1358 vides,
1050 1305 1106 1351 &⁹
1127 1306 1378 1357 Hominem,

593 1370 708 1427 Qia
732 1368 852 1412 vides
876 1368 1107 1413 Dofflforem
1126 1368 1413 1424 Angelicum0

707 1432 881 1477 Mirare
901 1429 1260 1488 Metamorphofin
1273 1431 1294 1474 !

698 1496 770 1541 Ex
798 1497 917 1539 Bove
938 1505 1054 1538 muto
1077 1492 1289 1552 Apicula:

478 1558 606 1606 Nam
632 1573 685 1604 ex
706 1558 793 1616 ejus
815 1555 983 1603 cerebro
1003 1568 1069 1602 tot
1090 1566 1304 1615 prognata
1325 1551 1533 1612 Apiculae.

591 1623 657 1669 Ut
677 1620 910 1668 Doffiorem
931 1617 1188 1678 Mellifluum
1210 1617 1416 1668 crederes,

720 1683 823 1747 Nifi
841 1685 1065 1743 Angelum
1084 1679 1290 1739 induzffiet,

710 1748 775 1794 Uc
801 1749 886 1792 dici
900 1744 1030 1807 poffet
1052 1746 1296 1805 Angelicm.

420 1811 611 1871 Angelus·
636 1823 756 1862 erat,
790 1824 1017 1872 antequam
1042 1807 1138 1868 efflet
1155 1808 1322 1856 Doiior
1342 1806 1599 1867 Angelicus:

473 1875 738 1934 Angelorum
767 1875 1033 1934 Discipulus,
1051 1876 1106 1920 (φ
1125 1884 1234 1934 pene
1258 1872 1425 1917 aemulus
1440 1868 1549 1928 fuit.

489 1939 594 1996 Ejus
614 1941 836 1997 Ingenium
865 1954 984 1984 nemo
1003 1936 1201 1984 hafienm
1230 1947 1368 1981 totum
1390 1936 1541 1980 novit:

455 2003 541 2059 Qi
572 2004 712 2046 omnia
721 2003 881 2058 scivit,
901 2001 1070 2061 Ingenij
1089 2000 1158 2057 sui
1189 2000 1350 2045 limites
1379 1997 1573 2054 neftivit.

402 2061 589 2121 Dixzffes
607 2065 918 2125 Philosophiam
941 2067 1005 2109 illi
1022 2061 1198 2120 infufizm
1212 2097 1225 2114 ,
1250 2077 1330 2107 non
1357 2060 1622 2123 acquifitam,

457 2125 729 2179 Aristotelem
745 2130 896 2174 didicit
915 2128 1216 2187 propemodum
1229 2124 1320 2184 fine
1340 2123 1565 2183 Magistro,

495 2190 583 2239 Vix
609 2207 704 2237 eum
725 2189 977 2243 Aristoteles
996 2188 1079 2247 (ine
1102 2188 1291 2237 Doflore
1319 2185 1535 2247 didicisset.

720 2255 916 2302 Dubium
934 2251 988 2307 est
1005 2255 1119 2300 inter
1137 2253 1305 2313 Sophos,

394 2319 469 2366 An
493 2319 563 2364 ille
572 2318 670 2378 plus
689 2319 934 2378 Sapientia,
948 2314 1007 2361 'an
1024 2317 1089 2362 illi
1097 2317 1195 2377 plus
1213 2317 1429 2376 Sapientia
1449 2311 1636 2362 debeat?

560 2380 746 2434 Ostendit
765 2383 810 2427 in
828 2379 1032 2439 Angelico
1045 2412 1059 2433 ‚
1082 2381 1183 2443 quid
1210 2391 1303 2425 tota
1315 2375 1473 2438 poffi’t:

547 2445 759 2504 Implevit
780 2446 891 2490 illius
910 2445 1130 2501 Ingenium
1145 2478 1159 2495 ‚
1183 2459 1258 2489 nec
1279 2442 1487 2502 explevit.

617 2507 803 2568 stupesce
829 2508 936 2554 hunc
961 2507 1161 2556 Bovem
1180 2518 1409 2556 mutum:

450 2571 536 2634 Qi
563 2571 723 2623 doinus
736 2571 861 2632 filet,
880 2570 1006 2636 qudm
1032 2586 1171 2619 omnes
1191 2570 1316 2632 sophi
1335 2570 1590 2634 loquantur.-

964 2633 1057 2694 83
1734 2629 1822 2696 Q
