2175 2911
905 110 927 120 ur

373 124 466 165 220
1011 111 1161 174 Janm
1193 108 1382 172 Bifrom.

314 220 408 255 mo
431 202 666 270 scriptum
680 201 971 268 lege;‚nam
992 202 1168 253 infami
1193 203 1302 253 fato
1323 197 1539 251 decessit.
1615 198 1713 251 Hic
1743 213 1875 265 quos
1894 201 1958 251 de
1980 200 2058 252 die

318 265 542 318 instruxit
565 265 917 332 Philosophos,
935 268 999 316 de
1025 267 1174 316 noste
1200 263 1459 320 destruxit,
1483 264 1545 314 361
1567 264 1774 331 lupanar
1799 266 1911 314 illos
1940 267 2063 315 invi-

319 346 427 381 tans
451 332 612 397 lupus,
627 330 690 379 ad
713 327 987 396 prostibula
1009 331 1212 384 ducens,
1233 331 1352 378 Dux
1373 345 1519 394 caper
1539 330 1635 394 ipse
1653 331 1828 394 gregis.
1897 330 2062 379 Etiam

320 397 598 445 Xaverium
633 394 867 459 urgebat,
901 392 1012 444 imo
1049 393 1368 459 perurgebat:
1403 405 1454 440 at
1485 393 1565 440 ille
1600 394 1793 442 secum:
1829 396 2064 438 momenta-

321 475 445 505 neum
472 457 553 512 est',
579 459 686 522 quod
709 457 890 504 dechZat
905 491 916 512 ‚
934 471 1149 507 aeternum,
1171 458 1279 520 quod
1309 458 1499 501 cruciat:
1525 455 1680 515 siccine
1705 470 1777 516 ego
1799 456 1969 515 Sophus,
1979 466 2060 515 pro

322 536 535 569 momento
562 522 877 568 aeternitatem?
912 520 1034 580 abfit.
1120 522 1200 570 Sic
1222 522 1268 568 se
1294 519 1554 572 subtraxit,
1579 522 1627 570 ὅς
1648 520 1747 568 una
1768 520 1937 568 secum
1956 517 2064 567 sub-

323 587 467 634 traxit
487 598 566 634 tot
585 586 776 634 animas
792 617 804 638 ,
829 599 949 646 quas
977 600 1097 633 cum
1123 584 1344 632 Xaverio
1367 582 1602 639 1661116ὶο,
1632 584 1697 632 ad
1729 598 1914 632 orcum
1938 582 2064 630 alter

323 647 523 699 misiffet
547 648 715 698 Orbis.
818 647 959 713 Qicl
979 661 1034 697 tu
1054 647 1116 695 ad
1137 644 1251 696 ista?

451 712 651 763 LEUC:
719 711 960 774 Stupeseo
987 711 1050 760 ad
1072 710 1193 759 illud
1213 710 1425 764 fulmen,
1447 712 1646 774 quoties
1677 709 1856 759 audio:
1902 704 2066 757 Deus-

324 791 417 831 ne,
446 776 582 832 cujus
611 775 849 823 bonitatis
880 790 944 823 ne
972 774 1180 836 quidem
1208 788 1449 822 numerus
1475 807 1487 826 ‚
1529 786 1859 823 momentum
1894 773 2067 836 puniat

323 839 625 890 aeternitate?
661 840 712 888 ὅ(
737 837 947 901 quidem
964 838 1080 892 tali,
1106 836 1316 899 tamque
1337 836 1591 885 horribili?
1659 840 1813 884 MEL:
1884 838 1957 885 lta
1978 831 2064 888 est,

325 906 478 952 etiam
495 902 623 951 infra
645 901 989 964 condignum:
1025 917 1146 949 nam
1167 912 1432 965 peceatum
1452 899 1653 948 infinitae
1668 901 1756 948 suo
1778 899 1944 947 modo
1964 913 2068 946 ma-

324 967 456 1020 litiae,
475 964 724 1014 infinitam
745 966 891 1028 exigit
921 963 1212 1013 vindistam.
1279 963 1360 1011 816
1380 962 1503 1011 fides
1527 963 1680 1019 jubet,
1705 961 1790 1010 nisi
1811 977 1930 1010 cum
1951 962 2066 1009 Ori-

325 1043 481 1092 gene,
511 1029 600 1077 illo
624 1027 924 1091 Sophorum
945 1027 1090 1078 Sole,
1117 1040 1351 1083 errorum
1374 1027 1593 1072 maculas
1615 1028 1713 1088 pati
1745 1026 1890 1077 velis,
1917 1023 1998 1073 vel
2023 1040 2069 1070 e-

326 1095 451 1141 tiam
474 1103 639 1139 totam
659 1092 711 1137 in
736 1090 1006 1136 aeternitate
1027 1086 1257 1149 eclypsin.
1358 1087 1458 1134 Sed
1479 1084 1548 1133 est
1574 1089 1664 1134 3113
1682 1085 2069 1140 animadverlio,

328 1169 428 1216 qua
454 1155 678 1216 priorem
707 1161 983 1212 exaggerat,
1009 1146 1445 1196 animadversione
1468 1150 1518 1197 <Se
1542 1150 1640 1212 ipse
1661 1147 1992 1212 digniflimus,
2013 1151 2067 1197 in

323 1218 559 1278 Peripato
586 1228 696 1260 non
724 1223 829 1259 tam
848 1212 996 1264 civis,
1016 1208 1174 1274 quam
1204 1211 1393 1259 Primas
1418 1243 1432 1265 ,
1459 1208 1625 1268 Justus
1658 1211 1871 1276 Lipsius:
1910 1210 2068 1274 quam

322 1278 405 1327 hic
424 1279 488 1325 de
508 1273 830 1337 Philosophia
855 1273 912 1322 fit
935 1274 1065 1323 bene
1093 1275 1327 1328 meritus,
1352 1276 1401 1324 &
1428 1275 1700 1329 docendo,
1729 1278 1777 1325 ὃς
1798 1275 1862 1323 ad
1887 1275 2069 1324 (106111-

323 1357 401 1390 nae
433 1339 685 1389 sanstioris
719 1339 851 1401 leges
881 1338 1132 1391 vivendo,
1161 1339 1214 1393 in
1244 1337 1443 1386 erudito
1473 1338 1616 1387 Orbe
1645 1338 1824 1403 hospes
1858 1335 1927 1386 est
1946 1372 1959 1393 ,
1983 1340 2072 1401 qui

325 1406 542 1469 ignorat.
642 1404 703 1451 Et
718 1414 888 1448 tamen
907 1399 1240 1463 Philosophus
1261 1412 1426 1449 tantus
1441 1434 1452 1455 ,
1473 1417 1552 1455 re,
1573 1405 1623 1452 ὃς
1656 1404 1871 1451 1101111116
1893 1399 2069 1459 justus,

327 1468 414 1516 ubi
449 1463 562 1531 post
589 1467 700 1516 vitae
731 1463 900 1512 san&ae
937 1463 1222 1532 praeniiffas,
1259 1463 1323 1512 ad
1350 1464 1667 1514 inferendam
1698 1466 1917 1528 denique
1945 1481 2070 1515 con-

327 1529 608 1579 clusionem
632 1527 659 1576 a
681 1539 850 1575 morte
874 1526 968 1575 fuit
987 1527 1321 1581 neeessitatus,
1341 1527 1626 1577 infremuit:
1664 1546 1784 1578 nam
1807 1530 1931 1578 vidit
1952 1529 1996 1578 se
2017 1531 2070 1578 in

328 1608 525 1656 agone,
551 1591 636 1639 ubi
666 1592 718 1638 in
751 1602 1026 1638 momento
1057 1592 1240 1645 unico,
1272 1593 1443 1639 aeterni
1471 1592 1602 1640 111613
1631 1595 1907 1641 momenti:
1946 1593 2071 1642 vidit

329 1651 509 1704 instare
529 1652 734 1707 instans,
760 1651 785 1702 ὲ
807 1668 914 1716 quo
933 1653 1073 1707 solo,
1094 1665 1203 1701 tota
1231 1653 1417 1717 pendet
1436 1657 1702 1702 aeternitas:
1740 1656 1864 1705 vidit
1890 1656 2070 1718 Pytha-

86 1732 303 1787 Rapertus
332 1721 560 1784 goricam
586 1718 800 1765 litteram
824 1718 893 1771 Y,
926 1719 1005 1765 cui
1035 1718 1191 1766 vitam
1218 1717 1441 1765 hominis
1471 1716 1686 1765 similem
1716 1720 1906 1780 antiqui
1936 1719 2069 1767 dixe-

85 1795 117 1840 1.
136 1804 183 1848 4.
198 1791 241 1833 in

332 1794 443 1830 rant
462 1780 621 1845 Sophi
635 1813 647 1833 ,
672 1796 756 1843 quae
774 1778 827 1825 ab
847 1796 928 1826 uno
950 1780 1074 1826 άιιὲἵιι
1099 1783 1325 1840 incipiens,
1338 1778 1496 1837 finitur
1519 1783 1563 1826 in
1584 1778 1751 1826 bivium
1774 1778 1940 1830 faustae
1957 1815 1970 1835 ,
1985 1782 2068 1832 vel

89 1858 303 1908 Gen.c.29
334 1841 554 1894 infausta:
578 1845 873 1892 aeternitatis.
974 1844 1142 1896 Vidit,
1165 1841 1309 1906 quod
1335 1843 1420 1892 ubi
1451 1843 1684 1892 ceciderit
1705 1845 1883 1898 arbor,
1905 1845 1984 1894 vel
2005 1845 2071 1894 ad

337 1905 693 1960 Austrum,vel
713 1906 1053 1968 Aquilonem,
1068 1907 1137 1954 ibi
1162 1909 1251 1954 erit
1275 1923 1360 1970 per
1378 1918 1544 1955 totam
1567 1909 1916 1956 aeternitatem:
1951 1907 2072 1958 hinc

16 2028 19 2030 ,
87 1985 230 2032 Drex.
258 1978 307 2021 de
336 1972 397 2020 ad
417 1972 674 2035 Sapientiae
693 1970 878 2019 Sedem
907 1972 959 2018 in
989 1969 1093 2018 haee
1115 1971 1306 2034 suspiria
1325 1971 1507 2033 erupit:
1552 1970 1655 2028 adfis
1683 1971 1954 2032 Philofiipho,
1973 1987 2068 2018 cum

88 2057 231 2092 ltern.

337 2047 429 2080 tota
451 2034 629 2106 [astanti
660 2035 930 2089 aeternitate5
975 2050 1050 2079 nec
1081 2035 1201 2080 illum
1231 2033 1388 2092 deser-vs
1415 2036 1462 2079 in
1490 2045 1727 2084 momento,
1749 2036 1771 2081 ἒ
1801 2051 1881 2098 quo
1909 2036 2067 2096 pendet

336 2109 565 2144 aeternztas.
1310 2100 1326 2109 ‘

464 2160 662 2210 LEUC:
729 2159 956 2210 Infelices
983 2160 1319 2227 Philosophos
1339 2193 1353 2216 ‚
1380 2160 1468 2210 nisi
1497 2163 1548 2209 in
1575 2173 1810 2235 tempore
1836 2161 1965 2211 bene
1993 2132 2064 2209 (1.1-

95 2230 247 2291 Ecclefi
263 2242 305 2288 9.
340 2220 613 2287 stinguant,
643 2226 966 2273 aeternitatem
995 2227 1124 2273 inter
1153 2229 1202 2275 ὃς
1227 2237 1449 2289 tempus:
1487 2241 1566 2270 non
1595 2241 1706 2271 emm
1732 2228 1872 2276 ratio,
1899 2241 1972 2269 nec
1994 2224 2063 2281 sa-

332 2289 526 2347 pientia,
547 2302 620 2330 nec
629 2286 808 2340 scientia
831 2290 941 2345 apud
968 2288 1140 2346 inferos.
1210 2291 1366 2336 MEL:
1433 2288 1576 2351 Quid
1597 2285 1650 2337 ni
1671 2288 1858 2337 ibidem
1880 2302 1965 2351 per
1984 2302 2061 2335 ex-

339 2350 632 2415 perientiam
646 2348 843 2403 discant,
859 2351 999 2412 quod
1016 2367 1103 2416 per
1118 2352 1391 2400 Scientiam
1410 2353 1590 2401 discere
1610 2350 1694 2400 hie
1712 2351 2063 2414 neglexerunt?

339 2409 473 2462 certe
495 2427 585 2460 nec
606 2411 685 2460 sua
705 2427 832 2459 0160
853 2413 1010 2462 deesse
1031 2415 1364 2480 problemata,
1377 2413 1510 2464 testis
1529 2412 1598 2463 est
1613 2415 1693 2462 ille
1713 2412 2061 2477 Philosophus,

341 2476 405 2524 de
446 2490 551 2539 quo
582 2476 906 2524 Innocentius
937 2478 1039 2527 ΙΙΙ.
1079 2479 1313 2528 Pontifex
1360 2478 1459 2528 fide
1495 2475 1798 2542 dignissimus
1830 2507 1845 2528 ‚
1878 2474 1961 2524 etsi
1998 2476 2062 2525 de

339 2539 576 2591 cathedra
590 2553 700 2590 non
717 2538 969 2602 loquatur.
1068 2543 1191 2599 Hie,
1208 2540 1421 2594 infausta
1446 2544 1599 2620 sorte,
1621 2539 1922 2653 damnatusj}
1945 2539 2065 2590 cum

1925 2619 2008 2652 ro-
