2175 2911
348 128 374 161 2
384 127 402 172 3
414 114 442 162 8
820 106 1224 172 Technbphylacium
1234 152 1239 154 γ
1249 105 1486 171 Physicum.

278 209 542 259 Mercurio
570 206 857 260 incumbat,
875 206 1144 271 trudatque
1176 208 1410 258 deorsum
1438 242 1450 262 ‚
1479 206 1582 257 hoc
1609 205 1714 272 ipso
1738 221 1795 256 ex
1823 203 2031 257 istorum

279 274 561 323 Sententia,
587 272 942 322 Mercurialem
965 273 1261 321 columnam
1281 274 1332 320 in
1363 271 1640 334 aequilibrio
1671 271 1943 336 suspensam
1965 283 2034 318 te..

282 347 386 385 net.
453 337 515 384 Et
535 334 600 384 sic
623 336 807 383 eruitur
827 335 954 383 ratio
980 334 1200 399 physica,
1223 351 1312 384 cur
1332 335 1530 397 aequalis
1553 337 1606 383 in
1636 333 1833 383 diversis
1852 333 2035 382 tubulis

284 397 502 448 altitudo
526 397 787 453 Mercurii:
814 400 930 461 quia
956 413 1138 462 nempe
1167 398 1304 447 idem
1327 399 1517 461 ubique
1547 398 1878 460 aequilibrium
1901 409 2037 444 tenet

286 466 415 512 inter
428 462 728 512 columnam
749 463 1077 524 a‘e‘reatmquae
1102 462 1383 526 premendo
1408 461 1649 525 suspendit
1663 461 2035 511 Mercurialem.

287 524 453 591 Quod
474 525 801 589 aequilibrium
819 557 832 577 ,
852 523 885 573 fi
906 525 1221 573 ascendendo
1243 537 1479 573 montem
1501 557 1515 577 ,
1549 525 1779 573 breviore
1809 525 1930 571 aeris
1955 537 2041 571 co-

286 590 464 638 lumna
493 600 654 637 mutes
669 621 683 642 ‚
713 604 836 637 mox
855 588 1116 637 descendet
1139 587 1452 651 aliquantum
1467 589 1747 637 Mercurius
1772 620 1786 641 ‚
1816 586 1849 634 li
1872 588 1922 634 in
1945 588 2040 634 Re-

287 653 502 717 cipiente
523 668 609 718 per
639 651 910 702 extraCtum
936 655 1105 701 aerem
1120 650 1338 701 omnino
1357 652 1502 701 tollas
1520 684 1534 704 ‚
1572 650 1759 700 defluet
1770 663 1924 700 totus.
1962 651 2042 698 Sic

287 715 440 765 flante
459 711 1120 779 Borea‚Coelc'›qi1el'ereiio
1151 714 1292 765 altius
1314 715 1530 764 ascendit
1543 716 1822 764 Mercurius
1838 746 1852 767 ‚
1889 712 2044 775 quam

289 776 668 833 flanteAustm,
686 775 931 842 Caeloque
955 780 1128 843 pluvio
1148 812 1161 833 ‚
1194 777 1258 828 eo
1274 778 1418 841 quod
1439 779 1598 828 Coelo
1624 778 1798 841 pluvio
1814 777 1963 825 a'e‘rlit
1984 776 2048 823 le-

289 845 431 898 vior,
468 842 624 906 quam
646 842 845 894 sereno,
870 844 1146 907 Burgundis
1168 841 1201 891 si
1224 842 1345 891 fides
1365 840 1448 891 est.
1518 842 1681 907 Qod
1701 840 1735 890 si
1751 842 1963 889 Coelnm
1984 839 2047 887 ad

289 906 506 972 speciem
527 906 736 968 quidem
751 906 978 954 serenum
999 940 1012 960 ‚
1048 906 1222 954 sentim
1243 918 1415 953 tamen
1437 906 1484 953 se
1502 905 1730 978 disponat
1748 905 1810 951 ad
1832 905 2021 968 pluvias
2037 929 2061 955 r

292 970 571 1019 eluCtantur
594 968 781 1016 surstim
800 971 1052 1017 innumeri
1071 969 1249 1016 halitus
1273 1002 1286 1017 ,
1326 971 1377 1014 in
1396 968 1583 1017 imbres
1612 965 1784 1015 denuo
1806 966 2053 1014 resolven-

294 1032 371 1081 di:
406 1031 525 1079 hinc
551 1027 621 1075 est
642 1060 656 1080 ‚
678 1043 767 1075 cur
796 1032 1050 1074 minuatur
1070 1028 1438 1088 aliquantulum
1457 1031 1582 1077 a'e'ris
1602 1027 1780 1091 pressio
1802 1061 1814 1082 ‚
1851 1032 1899 1078 ὃς
1922 1030 2054 1077 Mer-

292 1094 457 1145 curius
480 1088 776 1139 descendere
798 1087 1088 1137 observetur
1112 1105 1123 1135 :
1160 1087 1340 1138 contra
1358 1089 1516 1139 Coelo
1530 1091 1705 1155 pluvio
1722 1123 1734 1143 ,
1749 1089 1831 1139 sed
1843 1091 1905 1138 ad
1934 1091 2055 1138 sere-

295 1158 507 1206 nitatem
528 1152 622 1202 sese
644 1150 944 1220 exhilarante
968 1183 981 1204 ,
1017 1153 1190 1200 minor
1209 1149 1278 1200 est
1303 1167 1557 1215 vaporum
1579 1153 1952 1202 ascendentium
1972 1169 2058 1203 co·

293 1223 374 1286 pia
397 1237 409 1267 1
437 1217 573 1268 unde
593 1216 694 1264 a'e'ri
713 1216 784 1263 vis
802 1229 964 1270 maior
986 1210 1179 1264 elastica
1201 1249 1216 1270 ‚
1265 1227 1320 1264 ut
1347 1213 1778 1266 adeo'Mercurius
1798 1217 2059 1265 ascendere

292 1281 645 1346 compellatur.
714 1278 961 1327 Praetereo
987 1275 1071 1326 hic
1099 1291 1305 1328 centum
1333 1281 1672 1343 experimenta
1695 1313 1708 1333 ‚
1740 1280 1895 1342 quam
1917 1283 2062 1328 mira-
2141 1299 2143 1314 ³

298 1346 414 1396 bilia
432 1342 562 1397 visu,
588 1355 693 1391 tam
718 1340 933 1391 difficilia
954 1342 1198 1406 explicatu
1221 1375 1234 1397 ‚
1275 1342 1455 1406 quibus
1486 1346 1538 1393 in
1561 1345 1700 1393 Artis
1720 1343 2061 1408 Technophy-
2097 1350 2104 1356 “
2141 1337 2143 1366 ³

299 1411 433 1459 lacio
453 1406 621 1457 videas
641 1438 654 1460 ‚
679 1404 787 1454 duo
811 1420 1071 1453 marmora
1093 1406 1317 1470 laevigata
1346 1440 1360 1461 ‚
1398 1405 1463 1455 fic
1479 1407 1784 1456 cohaerentia
1809 1408 2058 1461 invicem,

301 1484 358 1523 ut
377 1470 544 1522 divelli
566 1472 646 1518 vix
668 1468 879 1533 amplius
903 1468 1100 1517 Valeant
1132 1486 1143 1516 ε
1180 1470 1361 1533 quibus
1381 1466 1622 1535 stupescas
1636 1470 1907 1520 Thetidem
1934 1503 1947 1523 ,
1980 1485 2063 1518 na·
2140 1480 2143 1498 2

301 1535 445 1586 turali
472 1535 713 1597 gravitate
741 1547 848 1582 non
870 1527 1100 1579 obstante
1125 1565 1139 1587 ‚
1170 1535 1223 1581 in
1248 1532 1507 1584 altissimos
1538 1547 1742 1583 montes
1772 1535 1946 1598 sponte
1966 1534 2065 1581 elu-
2139 1549 2143 1577 s

302 1599 526 1650 &antem
546 1629 558 1650 ‚
582 1594 616 1644 fi
638 1610 823 1659 nempe
843 1595 1036 1643 canales
1058 1627 1072 1647 2
1099 1594 1229 1659 aqud
1243 1598 1460 1662 repletos
1487 1631 1500 1652 ‚
1524 1597 1589 1646 fic
1610 1598 1834 1648 colloces
1850 1631 1862 1651 ‚
1892 1609 1946 1645 ut
1958 1610 2067 1661 pars
2140 1600 2143 1656 ξ

304 1662 526 1711 anterior
547 1670 749 1707 maneat
775 1657 1007 1707 immersa
1038 1654 1244 1724 stagno,
1276 1658 1525 1725 posterior
1553 1660 1819 1710 descendat
1849 1662 1900 1709 in
1932 1675 2069 1709 cam·
2140 1659 2143 1698 ἓ

303 1737 426 1791 pos,
448 1719 624 1786 stagno
645 1720 1026 1786 profundiores:
1064 1723 1244 1785 quibus
1267 1726 1485 1786 denique
1507 1726 1698 1774 mireris
1718 1726 1769 1772 in
1783 1724 1913 1773 tubis
1931 1738 2068 1789 aper-
2140 1730 2143 1787 ζ

304 1790 364 1837 tis
379 1821 392 1842 ‚
418 1790 469 1837 ὅς
485 1781 615 1848 aqua
627 1784 848 1849 turgidis,
864 1783 1030 1835 modo
1047 1786 1262 1852 superius
1283 1787 1536 1837 orificium
1555 1789 1715 1853 digito
1733 1787 1933 1836 claudas
1948 1819 1960 1842 ‚
1975 1801 2070 1836 nec
2140 1802 2144 1847 ς.

306 1851 518 1915 quidem
537 1860 733 1912 guttam
753 1846 953 1897 effluere
975 1865 986 1898 3
1021 1849 1127 1898 haee
1147 1853 1198 1901 ὅ(
1217 1850 1391 1900 fimilia
1413 1852 1664 1916 paradoxa
1678 1863 1918 1916 praetereo
1933 1884 1946 1905 ‚
1960 1865 2071 1899 non
2140 1849 2143 1912 l

307 1914 452 1978 quod
472 1916 600 1962 ratio
635 1927 719 1960 me
745 1908 973 1960 destituat
998 1911 1197 1977 phyfica
1227 1947 1240 1968 ‚
1284 1915 1366 1963 sed
1393 1918 1444 1964 in
1472 1913 1717 1979 angustias
1751 1913 2072 1964 contraemm
2139 1951 2151 1975 (η

308 1991 524 2042 tempus.
595 1977 646 2025 Si
667 1991 725 2024 ex
743 1977 795 2034 ijs
822 1990 931 2038 quae
953 1978 1208 2027 attulimus
1231 1977 1468 2028 ha&enus
1492 2011 1505 2032 ‚
1535 1995 1643 2027 non
1666 1976 1814 2043 pollis
1833 1978 2072 2041 colligere
2145 2028 2147 2031 ,

311 2040 499 2090 horum
521 2038 766 2103 analyfin,
793 2039 1055 2088 Authores
1078 2042 1282 2090 consule
1307 2075 1320 2095 ‚
1351 2045 1438 2105 qui
1459 2043 1522 2090 ad
1547 2043 1771 2091 famosos
1794 2043 1938 2091 vacui
1968 2055 2074 2089 rne-

314 2117 394 2152 tus
421 2102 442 2159 (
464 2103 636 2165 asylon
654 2136 668 2158 ,
684 2102 738 2152 ut
759 2101 844 2168 ipsi
863 2101 1077 2154 afferunt
1091 2136 1105 2159 ‚
1138 2104 1454 2171 Philosoplio
1473 2104 1771 2169 indignum)
1791 2102 2071 2153 meticulofi

310 2165 615 2229 confugiunt
631 2169 954 2229 neutiquam,
978 2169 1059 2218 sed
1079 2184 1167 2233 per
1185 2173 1480 2233 gravitatem
1504 2173 1627 2219 aeris
1642 2203 1655 2224 ‚
1686 2165 1896 2231 vimque
1920 2164 2071 2216 clasti-

311 2245 427 2281 cam
449 2230 698 2285 ejusmodi
717 2234 1061 2294 experimentis
1086 2231 1247 2297 magis
1275 2248 1557 2290 congruam
1569 2232 1823 2307 physicam
1838 2229 2069 2282 statuunt,

314 2291 647 2365 applaudente
671 2293 773 2364 ipso
792 2325 802 2345 ‚
825 2292 879 2342 iit
893 2308 1068 2358 putant
1084 2329 1097 2350 ‚
1111 2286 1449 2364 Philosoplso:
1481 2309 1680 2346 tantum
1701 2293 1835 2346 abest
1848 2329 1861 2350 ,
1876 2306 1930 2343 ut
1947 2290 2071 2342 ePe-

321 2369 485 2422 ripato
505 2355 577 2403 ob
598 2355 649 2403 1d
672 2353 949 2404 existiment
970 2358 1015 2406 se
1030 2360 1344 2423 relegandos.

481 2418 677 2470 LEUC:
765 2415 1036 2470 Ostendisti
1071 2422 1309 2472 haetenus
1329 2425 1455 2473 mira
1476 2456 1490 2478 ‚
1534 2424 1615 2473 sed
1642 2423 1664 2482 (
1687 2422 1829 2487 quod
1856 2414 2073 2470 maxime
2140 2454 2143 2471 1

321 2486 481 2534 miror
502 2483 522 2539 )
546 2495 625 2531 tot
646 2484 773 2531 inter
795 2484 921 2531 mira
940 2483 1315 2546 nonostendisti
1347 2485 1566 2536 maxime
1588 2492 1800 2540 mirum,
1828 2482 2075 2548 Lapidem
2140 2481 2143 2545 J

320 2546 751 2614 Philosophicum.
779 2546 868 2597 An
880 2558 1026 2598 tuum
1037 2549 1173 2601 forte
1185 2550 1691 2615 Technophylacium
1704 2549 1937 2613 Stagiritae
1959 2560 2075 2618 pau·
2140 2576 2144 2614 ;

1910 2625 2015 2675 peri
