2175 2911
648 104 802 164 Hydra
819 98 946 156 nostri
965 100 1196 164 Temporis.
1665 115 1753 163 253

84 195 389 244 notaui-um?
424 209 538 256 age,
559 194 621 243 ad
642 195 968 245 Dialecticam
998 197 1237 244 trutinam
1272 196 1641 261 propositiones
1663 196 1828 254 janse-

84 259 147 315 nij
173 274 372 311 revoca,
394 261 443 308 ὅ(
466 274 557 322 pro
583 258 822 307 biennalis
844 255 1082 308 discursus
1114 260 1318 325 epilogo
1340 260 1523 309 discute
1542 276 1627 324 per
1649 259 1827 309 discur-

82 321 188 369 sum
206 353 218 373 ,
237 322 403 382 qualem
426 320 512 381 pest
524 320 665 379 fbfias
692 323 888 368 haetenus
908 322 934 368 ἁ
951 321 1152 381 jansenio
1167 322 1389 383 prccmiffas
1402 356 1415 378 ,
1438 323 1722 382 friburgenfis
1743 329 1826 369 Pe-

77 389 246 443 tripatus
259 382 432 440 finalem
453 387 510 438 ei,
529 385 606 431 hoc
626 397 833 446 tempore,
841 385 1058 446 praesagiat
1079 387 1402 446 conclusionem?
1481 388 1638 433 MEL:
1715 386 1825 435 Au·

78 461 256 510 gurem
278 462 361 493 me
384 449 545 511 cupis,
561 451 646 511 qui
668 464 725 498 ex
745 450 1074 513 Peripatetico
1097 450 1294 512 tripode
1318 465 1404 515 per
1429 451 1658 498 vaticinia
1681 464 1828 497 com-

75 509 242 572 pleam
268 509 659 574 Philosophiam.
759 514 830 562 Sit
849 514 1023 575 igitur,
1051 514 1100 562 ὅ(
1123 515 1308 562 ultimis
1332 514 1463 562 votis
1483 528 1592 562 non
1614 512 1827 576 refraga-

79 574 206 625 bor3
241 573 321 621 sed
343 576 457 635 quia
471 574 833 640 Philosophum
852 575 1088 625 hastenus
1110 578 1202 641 egi,
1224 580 1273 627 ὃ(
1287 576 1520 626 Ethicum
1534 609 1547 631 ‚
1567 576 1630 624 ad
1651 587 1826 625 cotem

77 635 437 701 Philosophico
458 668 475 676 -
497 640 748 687 moralem
768 640 1070 688 examinabo
1094 640 1351 705 praemiffas
1373 640 1602 699 jansenii,
1627 652 1681 688 ut
1700 654 1759 686 ex
1775 637 1829 686 il-

78 699 136 747 lis
162 697 244 747 sua
269 701 420 748 veluti
448 701 622 766 sponte
643 702 765 750 fluat
793 702 1052 752 conclusio
1069 736 1081 757 ,
1105 719 1259 767 quam
1282 706 1484 753 novitiae
1507 701 1690 754 Haerefi
1716 714 1828 750 non

79 761 345 810 difficulter
362 766 610 828 praesagire
628 763 794 830 potest
812 767 1079 831 Peripatus.
1158 770 1218 816 Et
1239 764 1407 832 primo
1430 767 1655 831 quidem,
1676 766 1829 814 latere

74 827 336 873 neminem
359 826 523 889 potest
538 860 550 881 ,
577 827 743 876 modo
764 830 932 892 primis
953 829 1088 886 labiis
1110 830 1441 894 Philosophiae
1472 832 1654 895 placita
1677 829 1830 891 degu-

75 885 235 939 starit,
257 888 593 936 conclusionis
614 889 761 937 bonae
779 922 790 943 ,
813 889 912 937 sive
931 893 1074 939 malae
1097 894 1277 940 indicia
1297 892 1322 939 a
1348 891 1596 955 praemissis
1618 890 1828 945 desumi,

77 965 186 1013 quae
209 949 295 996 nisi
322 953 464 997 certis
485 951 577 997 sint
606 953 772 998 innixa
804 954 1073 1012 principiis,
1096 955 1356 1014 pessimam
1387 954 1627 999 omineris
1663 951 1831 1012 seque-

73 1013 194 1065 lam,
211 1012 460 1060 necess'um
483 1009 567 1060 est.
636 1012 717 1059 Sic
739 1012 858 1061 teste
871 1011 1184 1077 Philosopho
1204 1029 1259 1061 ex
1281 1016 1429 1062 meris
1451 1014 1692 1076 negativis
1708 1011 1830 1074 quid

73 1075 309 1138 sequit'ur,
334 1074 420 1123 nisi
441 1077 589 1123 inane
613 1074 764 1123 nihil?
801 1091 858 1124 ex
878 1077 1026 1123 meris
1049 1076 1439 1140 particularibus,
1460 1078 1547 1125 nisi
1575 1078 1831 1124 connexio

74 1139 262 1203 spuria?
296 1138 609 1210 expluribus,
628 1136 780 1199 quam
808 1140 878 1188 fas
898 1135 993 1194 est,
1015 1141 1239 1188 terminis
1256 1173 1269 1193 ,
1291 1138 1377 1188 nisi
1401 1137 1662 1188 conclusio
1694 1137 1832 1203 pessi-

72 1203 189 1250 ma?
223 1204 337 1260 Jam
361 1204 559 1265 percipe
570 1201 854 1265 praemiffas,
877 1216 998 1264 quas
1015 1205 1066 1250 in
1088 1200 1168 1251 sua
1191 1200 1464 1252 Dialcfflca
1489 1202 1672 1252 morali
1697 1197 1832 1251 male

73 1267 248 1329 ponit,
267 1264 404 1329 pejus
427 1264 653 1313 defendit
675 1264 888 1315 larvatus
911 1261 997 1314 iste
1016 1262 1246 1331 Sophista
1270 1262 1580 1330 Augustinus
1598 1265 1827 1324 Jansenij.

70 1331 275 1394 Percipe
289 1361 302 1382 ,
326 1340 455 1391 quot
474 1329 736 1382 terminos,
761 1342 838 1379 tot
858 1329 1003 1377 nullis
1025 1331 1247 1377 terminis
1267 1330 1665 1394 circumscriptos
1694 1343 1829 1377 erro-

73 1407 173 1443 res:
210 1404 340 1456 quot
369 1390 767 1457 propositiones,
788 1404 869 1442 tot
888 1406 944 1440 ex
973 1393 1068 1458 ipsa
1090 1391 1299 1441 Cerberi
1328 1390 1501 1457 spuma
1526 1392 1721 1446 coitas,
1747 1391 1829 1440 de-

73 1452 286 1519 nuoque
310 1456 532 1504 recostas
553 1454 784 1503 Haereses.
854 1463 1071 1516 Praecepta
1083 1459 1219 1509 DEI,
1237 1458 1416 1518 inquit,
1433 1454 1671 1503 hominibus
1692 1457 1826 1501 etiam

64 1519 188 1581 justis
210 1536 289 1566 non
299 1518 401 1575 sunt
414 1517 638 1580 possibilia:
654 1521 856 1565 interiori
867 1522 1030 1565 Gratiae
1052 1521 1095 1564 in
1107 1517 1227 1572 statu
1240 1522 1429 1566 Natum
1451 1519 1564 1580 lapfie
1579 1535 1659 1565 non
1680 1517 1827 1576 refisti·

72 1598 172 1635 tur,
194 1599 267 1630 nec
285 1580 414 1640 refisti
427 1581 590 1643 potest:
627 1584 680 1627 ad
698 1584 939 1628 merendum
953 1617 967 1633 ,
990 1583 1063 1628 vel
1089 1583 1383 1629 demerendum
1414 1599 1494 1628 non
1511 1585 1752 1646 requiritur
1771 1582 1825 1627 li-

72 1647 220 1695 bertas
241 1643 555 1704 indzfferentiae:
596 1645 780 1699 Christus
801 1662 881 1691 non
904 1644 958 1699 est
968 1657 1049 1706 pro
1069 1644 1259 1691 omnibus
1284 1658 1493 1693 mortuus.
1569 1644 1671 1695 En!
1706 1658 1826 1707 prae-

71 1709 251 1762 missas,
267 1711 520 1773 negativas
543 1709 604 1757 ad
630 1725 782 1757 unam
806 1724 986 1758 omnes
1001 1745 1012 1760 ‚
1037 1711 1087 1758 ὃς
1110 1709 1313 1770 qualem
1337 1723 1393 1756 ex
1414 1703 1551 1757 hisce
1570 1710 1825 1773 Peripatus

70 1773 320 1840 praesagiat
338 1771 752 1821 conclusionem?
799 1772 1102 1821 heteroclito
1126 1772 1307 1820 scilicet
1341 1771 1588 1821 Authoris
1621 1771 1827 1835 ingenio

69 1838 274 1902 dignam
288 1869 300 1890 ,
321 1838 436 1899 quia
456 1834 731 1901 pessimam.
805 1835 945 1899 Qid
971 1838 1106 1883 enim
1133 1836 1310 1883 melius
1331 1835 1487 1900 speres
1506 1833 1534 1883 a
1554 1832 1823 1900 praemiffis,

69 1916 180 1964 quae
200 1912 385 1964 negant
401 1933 414 1953 ,
437 1898 682 1962 quidquid
701 1898 848 1947 sanciti
866 1898 1020 1950 habet
1039 1899 1309 1962 Olympus,
1333 1898 1578 1960 quidquid
1597 1899 1720 1948 boni
1741 1896 1826 1946 hic

67 1964 294 2014 Mundus
311 1965 327 2011 ἰ·
346 1978 456 2025 quae
477 1974 677 2026 negant,
690 1962 936 2025 quidquid
949 1962 1253 2012 Mortalibus
1266 1958 1336 2010 est
1357 1961 1665 2027 proficuum,
1678 1959 1825 2010 Chri-

69 2025 147 2076 sto
169 2025 548 2075 honorificum?
583 2026 828 2088 quidquid
858 2027 1005 2076 DEO
1032 2022 1102 2073 est
1126 2025 1437 2090 gloriosum?
1487 2027 1596 2088 quis
1620 2024 1825 2073 credere

62 2090 210 2158 possit
231 2089 458 2153 sacrilega
478 2090 668 2139 cerebri
686 2089 954 2140 aberrantis
974 2088 1367 2143 deliria‚furiosas
1376 2084 1760 2148 Jansenij,Ga116
1778 2100 1825 2133 e-

66 2154 361 2212 brij,extases
374 2155 390 2201 ἴ·
403 2164 592 2202 aetcrno
604 2155 820 2203 Numini
839 2155 1052 2218 denegat
1070 2152 1608 2207 misericordiam,dum
1624 2145 1823 2214 ait,post

65 2219 259 2272 Adami
271 2215 460 2280 lapsum
474 2214 743 2281 plerosque
756 2215 783 2265 a
793 2218 939 2267 DEO
953 2219 1246 2270 creari,eum
1257 2219 1307 2265 in
1320 2215 1562 2271 finem,ne
1574 2216 1654 2265 sua
1665 2212 1822 2263 desint

67 2285 83 2334 i
122 2283 264 2331 nibus
283 2279 526 2330 aeternum
541 2280 710 2329 arsuris
733 2281 991 2330 alimenta:
1009 2284 1058 2331 ὃς
1072 2281 1193 2345 quid
1203 2281 1350 2331 DEO
1368 2279 1538 2345 affingi
1554 2276 1701 2344 possit
1713 2291 1821 2325 cru·

107 2348 254 2395 elius?
307 2340 511 2394 Christo
542 2344 756 2409 denegat
776 2345 1065 2393 Bonitatem
1081 2377 1095 2398 ,
1115 2344 1240 2393 dum
1265 2346 1356 2398 ait,
1380 2358 1496 2391 eum
1526 2341 1818 2405 praeciperc‚

69 2426 180 2475 quae
203 2410 377 2459 servari
401 2422 509 2457 non
525 2405 742 2472 possunt,
767 2423 862 2456 nec
882 2407 1135 2457 sublevare
1153 2408 1240 2457 sub
1259 2405 1558 2457 intolerabili
1583 2417 1818 2452 corruen-

69 2487 144 2523 tes
163 2472 309 2537 iugo,
330 2471 409 2521 sed
440 2473 630 2520 aeternis
663 2471 879 2519 madiam
903 2470 1169 2536 suppliciis:
1205 2473 1254 2522 ὅ(
1277 2469 1397 2535 quid
1417 2468 1497 2517 vel
1527 2468 1554 2519 a
1571 2470 1817 2530 Tyranno

73 2535 345 2602 exspet‘xare
363 2533 524 2602 posses
541 2536 841 2588 immanius?
875 2534 1178 2658 hkscirtyibus
1200 2535 1414 2600 denegat
1432 2534 1584 2598 spem,
1601 2529 1815 2646 dsgffi‘ait
