2175 2911
88 1732 146 1779 L,

153 1742 174 1759 θ

150 1764 177 1776 aa

184 1739 304 1786 ,ας-7

395 127 414 159 1
427 116 451 162 8
957 108 1088 156 Atlas
1105 102 1426 167 Philofhphicm.

326 207 400 248 tes
419 198 726 262 colliguntur
745 194 972 260 igniculis
994 197 1072 247 vel
1088 212 1173 262 per
1196 195 1409 244 nubium
1430 192 1768 248 attritionem,
1798 190 1855 242 ut
1873 208 1931 244 ex
1952 193 2087 245 filici—

328 265 419 312 bus
440 262 683 310 excutitur
704 260 854 323 ignis3
890 260 968 308 vel
983 275 1068 324 per
1085 259 1250 308 radios
1271 258 1466 310 solares,
1499 259 1654 320 quiin
1671 256 1888 306 nubibus
1902 290 1915 312 ,
1936 259 2089 309 veluti

327 326 532 391 speculo
552 320 770 372 caustico
787 355 799 375 ,
830 322 1180 386 refringuntur.
1274 323 1453 371 Motus
1474 336 1585 370 non
1610 318 1725 368 raro
1760 320 1974 374 sttrsum,
1995 323 2090 370 fre·

329 401 543 452 quenter
565 385 744 435 accidit
765 385 1014 438 deorsum,
1035 398 1212 434 contra
1231 386 1354 448 ignis
1373 387 1677 437 naturam,&
1691 382 1948 432 indolem:
1973 396 2086 433 tum

331 449 478 516 quod
505 465 717 514 vapores
743 482 756 503 ,
791 447 968 512 quibus
991 449 1248 498 involutus
1282 443 1350 495 est
1370 448 1494 510 ignis
1528 479 1541 500 ‚
1598 447 1764 510 suapte
1788 446 1996 495 tendant
2023 446 2093 496 ad

333 527 566 564 centrum
580 530 593 566 3
615 525 724 562 tum
744 511 888 574 quod
908 513 959 560 iu
971 507 1270 576 tempestatis
1285 509 1526 559 conflictu
1545 508 1753 558 densatae
1773 508 1986 573 superius
1999 525 2091 559 nu-

330 579 418 627 bes
431 611 444 632 ‚
480 589 564 626 aut
584 575 840 626 confertus
863 575 1050 628 imber,
1072 590 1128 622 ex
1147 577 1259 623 a'e're
1280 573 1556 622 sublimiori
1576 586 1723 620 ruens
1739 604 1753 626 ,
1777 572 1991 622 fulmina
2007 572 2092 621 de-

332 641 505 690 orsum
525 641 822 704 praecipitet:
852 649 932 698 per
952 641 1047 684 viar
1068 650 1238 686 tamen
1258 648 1410 685 ruunt
1435 638 1638 696 ancipites
1668 638 1718 685 ὅ(
1741 634 1930 697 obliquas
1956 671 1970 687 ,
2019 633 2090 685 (τὸ

332 703 479 768 quod
498 705 621 752 aeris
639 703 986 751 commotioni
1006 701 1049 749 se
1063 701 1107 749 se
1129 699 1546 749 accommodent.
1631 697 1678 744 T
1670 710 1811 759 empus
1831 695 1989 762 magis
2010 713 2089 748 ac-

334 766 625 816 comodum
641 765 822 830 praebet
844 761 990 817 aestas,
1005 777 1208 829 propter
1236 765 1487 811 calorem:
1524 761 1643 810 hinc
1671 764 1722 810 in
1747 760 1947 825 Scythia
1972 759 2089 811 raro

335 831 571 880 fulminat
592 830 801 893 Jupiter.
854 828 952 877 Sed
973 831 1021 877 ὅ(
1042 830 1225 876 nimius
1253 826 1392 874 calor
1421 826 1501 874 vel
1532 824 1736 888 dissipat,
1761 824 1841 874 vel
1861 835 2096 874 extenuat

335 908 548 957 vapores
567 892 840 941 fulmineos
863 908 873 938 :
928 890 1044 939 hinc
1069 889 1132 939 ad
1159 891 1415 953 tropicum
1445 889 1629 937 Cancri
1654 891 1841 936 rariora
1860 886 1971 936 sunt
1997 887 2093 936 ful-

332 959 472 1005 mina
487 989 500 1010 ,
525 956 596 1003 uti
615 958 662 1003 ἃ
676 957 726 1003 in
744 953 939 1002 Brasilia
955 986 968 1005 ,
1004 950 1235 1015 quamvis
1253 955 1305 1001 in
1326 952 1558 1027 Regione
1576 950 1669 998 hac
1684 961 1820 998 tanta
1832 949 2093 1012 fulgurum

333 1021 482 1083 copia
505 1016 744 1066 coruscet,
772 1029 826 1063 nt
845 1017 1020 1063 Solem
1036 1013 1231 1075 assequi,
1255 1013 1546 1074 everi'osque
1569 1011 1596 1059 a
1610 1013 1889 1060 Phaetonte
1902 1027 2092 1066 currus,

331 1097 479 1131 novo
503 1078 843 1142 repraesentare
873 1076 1179 1138 spectaculo,
1205 1075 1448 1122 videatur.
1555 1075 1714 1130 fulgur
1736 1070 1804 1120 est
1825 1074 2090 1128 subitus,&

332 1141 574 1192 evanidus
599 1138 829 1202 splendor
851 1138 1173 1185 exhalationis
1196 1137 1407 1185 accensae
1422 1167 1435 1186 ‚
1458 1150 1552 1183 nec
1572 1133 1599 1182 a
1620 1134 1832 1183 fulmine
1855 1135 2095 1202 discrepat

332 1204 422 1254 nisi
446 1202 613 1251 forsan
636 1200 707 1249 ob
723 1201 939 1248 materiae
960 1201 1227 1247 raritatem.
1297 1199 1347 1247 Si
1367 1197 1538 1246 albido
1559 1197 1738 1246 colore
1756 1199 1926 1254 micat,
1939 1198 2095 1248 abun-

334 1267 496 1316 dantis
514 1280 653 1328 aquae
676 1263 813 1313 sume
842 1261 1118 1315 indicium3
1154 1261 1563 1327 pra-dominantis
1583 1263 1706 1326 ignis
1728 1294 1741 1315 ‚
1790 1259 1825 1311 fi
1844 1259 1982 1312 flavo
2006 1280 2019 1315 3
2052 1261 2092 1313 fi

331 1330 621 1394 ferrugineo
647 1360 659 1382 ,
694 1324 960 1392 peffimum
983 1341 1141 1374 omen
1172 1358 1185 1378 ,
1219 1341 1339 1373 nam
1370 1322 1529 1373 adesse
1552 1327 1604 1374 in
1633 1340 1698 1373 co
1738 1328 1781 1373 ia
1802 1324 1987 1374 indicat
2005 1325 2091 1376 ha-

329 1394 443 1443 litus
466 1391 745 1441 minerales.
847 1390 1029 1436 Tonicra
1049 1387 1231 1453 Sophis
1254 1384 1322 1435 est
1345 1387 1617 1436 vehemens
1637 1404 1706 1437 nu
1745 1389 1782 1436 is
1803 1387 1980 1437 collisae
1997 1388 2094 1438 fra-

329 1472 428 1521 gor
440 1489 453 1509 ,
476 1451 792 1518 sequiturque
805 1451 997 1501 fulmen
1012 1464 1203 1499 terrore
1223 1449 1512 1515 pedissequo
1526 1485 1539 1505 ,
1561 1451 1640 1501 vel
1655 1451 1798 1514 quod
1813 1453 1987 1506 verius,
2001 1453 2096 1502 ful-

329 1521 456 1567 mini
476 1518 626 1566 haeret
647 1517 998 1569 tumultuarius
1017 1529 1191 1564 comes
1205 1513 1231 1563 a
1247 1514 1395 1562 latere
1411 1548 1423 1569 ,
1444 1513 1692 1577 seriusque
1704 1515 2096 1579 fulgure‚aurem

334 1583 495 1644 quatit
509 1614 522 1635 ,
546 1582 662 1643 quia
683 1577 878 1627 festinat
898 1577 1077 1627 lentiuS
1091 1612 1104 1633 ,
1123 1578 1279 1643 gradu
1298 1577 1477 1626 seilicet
1496 1574 1781 1627 succeffivo.
1852 1579 2001 1629 Unde
2022 1580 2096 1628 in-

333 1645 525 1707 telliges
546 1643 667 1692 illud
690 1644 889 1692 Senecae
904 1676 917 1696 ,
945 1657 1055 1690 non
1076 1642 1331 1704 quibusvis
1352 1640 1415 1688 de
1437 1643 1586 1690 trivio
1609 1641 1749 1705 lippis
1774 1653 1962 1690 notum
1983 1657 2095 1691 ora-

336 1708 539 1756 culum:
575 1723 694 1753 nemo
706 1704 872 1766 fulmen
891 1708 1064 1756 timuit,
1088 1705 1161 1764 mfi
1182 1707 1255 1766 qui
1271 1700 1418 1762 effitgit
1439 1723 1450 1749 ι
1503 1719 1623 1752 nam
1644 1719 2001 1767 quemcunque
2023 1705 2094 1754 fe.

337 1774 428 1825 rit,
457 1767 620 1819 subito
642 1771 766 1835 perit
786 1790 796 1815 :
835 1768 869 1817 fi
887 1767 1160 1821 advertisti,
1189 1769 1286 1823 jam
1309 1763 1493 1816 evafisti
1517 1784 1527 1814 ς
1583 1765 1726 1815 bruta
1746 1766 1856 1814 sunt
1879 1767 2092 1817 fulmina

341 1850 450 1897 quae
472 1833 728 1883 videntur:
768 1828 1021 1896 quodque·
1034 1834 1199 1881 timeri
1221 1829 1345 1879 solet
1363 1832 1661 1896 plerumque
1679 1832 1871 1878 tonitru
1887 1862 1900 1884 ,
1929 1830 2094 1880 nilha-

341 1898 425 1946 bet
443 1897 676 1962 periculi,
696 1897 805 1960 plus
831 1898 1046 1945 terroris.

466 1961 664 2011 LEUC:
734 1956 1043 2024 Opportune
1066 1957 1151 2009 hie
1170 1958 1222 2007 in
1241 1957 1548 2009 memoriam
1567 1954 1723 2007 redeo
1738 1954 1968 2021 illorum,
1982 1973 2094 2022 qua:

341 2023 600 2073 Authores
624 2023 831 2086 quidam
853 2023 916 2071 de
933 2022 1163 2076 fulmine,
1183 2025 1309 2072 mira
1327 2017 1478 2076 cette,
1501 2021 1536 2070 fi
1555 2037 1663 2070 non
1683 2023 1937 2071 miracula.
1984 2022 2095 2071 Plu-

343 2086 520 2135 tarcho
540 2086 572 2135 si
594 2085 713 2135 fides
728 2121 740 2142 ,
763 2089 948 2136 Roma:
971 2087 1199 2136 excubias
1227 2089 1391 2150 agenti
1411 2085 1553 2134 militi
1573 2086 1768 2134 fulmen
1786 2087 1994 2148 liquavit
2010 2100 2093 2132 au-

343 2165 458 2197 rum
475 2182 485 2200 ,
523 2149 870 2212 liquatumque
899 2149 1164 2215 absumpsit
1189 2184 1202 2204 ,
1243 2145 1392 2198 illaeso
1418 2149 1612 2213 prorsus
1635 2147 1883 2214 marsupio
1908 2166 1918 2196 :
1954 2147 2093 2195 alteri

346 2210 570 2277 Stagiritfi
591 2209 705 2260 teste
727 2247 739 2266 ‚
768 2230 964 2262 aeneum
984 2213 1220 2279 clypeum
1240 2213 1302 2262 lic
1330 2210 1604 2276 abliguriit,
1631 2226 1685 2261 ut
1712 2212 1952 2260 intactum
1987 2225 2091 2258 ma—

346 2288 487 2324 neret
508 2275 697 2339 penitus
719 2278 1058 2327 involucrum.
1159 2277 1295 2331 Imo,
1319 2276 1404 2324 nifi
1427 2276 1578 2329 fallat,
1599 2289 1683 2325 aut
1706 2275 1898 2323 fallatur
1922 2273 2092 2320 Mure-

349 2351 452 2393 tus,
475 2337 538 2386 lic
559 2353 666 2386 non
687 2342 875 2388 nemini
897 2341 1123 2404 gladium
1143 2340 1507 2403 colliquefecit,
1529 2351 1583 2387 ut
1603 2337 1887 2401 coagularet
1912 2336 1961 2381 in
1983 2337 2093 2398 glo-

348 2403 526 2452 bulum
543 2434 556 2455 ,
580 2398 757 2464 vagina&
783 2405 974 2466 prorsus
1003 2400 1260 2452 inviolata.
1360 2404 1486 2452 Sunt
1503 2433 1516 2456 ,
1541 2402 1628 2464 qui
1650 2398 1751 2450 offa
1774 2399 2093 2448 comminuta

347 2463 610 2518 testentur,
629 2478 778 2511 carne
799 2466 989 2528 penitus
1009 2467 1233 2516 indemni
1255 2483 1268 2514 :
1322 2466 1430 2515 sunt
1451 2495 1464 2522 ,
1485 2468 1571 2536 qui
1589 2459 1829 2513 medullas
1847 2459 2092 2510 arborum

349 2531 404 2582 {n
425 2532 613 2582 cineres
630 2525 848 2580 redactas
869 2526 1109 2589 scribunt,
1135 2532 1326 2584 cortice
1347 2543 1458 2582 non
1483 2529 1672 2592 signato
1705 2541 1718 2576 ε
1762 2525 1885 2588 quin
1914 2527 1960 2573 ἃ
1999 2523 2092 2573 foe-

1916 2599 2030 2640 tum
