2242 2911
186 1210 311 1256 Rom.

425 115 455 162 8
906 103 1176 166 Maufhlaeum
1210 104 1565 171 Peripdteticum.

365 216 462 255 ret,
496 196 637 262 isque
667 200 996 265 ingeminaret
1030 199 1289 248 itentidem
1313 232 1325 251 ,
1359 198 1452 248 sese
1486 189 1889 264 ptaedestinatum
1923 199 1985 249 ad
2011 201 2130 257 eius-

362 265 509 316 modi
536 264 687 313 furta:
745 266 917 327 utique,
940 263 1127 316 aiebat,
1146 263 1218 320 sed
1239 266 1294 311 &¹
1305 261 1433 322 fimul
1453 262 1506 308 ad
1527 264 1730 322 ejmmodi
1752 262 1951 310 verbera.
2021 264 2129 316 His,

363 323 567 391 aliisque
636 326 871 376 rudentiae
901 326 1133 376 humanae
1171 329 1398 391 argutiis,
1434 339 1627 374 tantam
1663 328 1887 376 nominis
1915 326 2133 390 gloriam

363 392 578 442 Athenis
626 404 762 440 uetat
791 392 1025 456 adeptus,
1048 403 1102 438 ut
1132 388 1329 438 corona
1361 405 1479 437 eum
1510 387 1658 438 aurea
1688 389 1942 438 donarent
1970 391 2132 442 cives,

366 455 524 505 fulhm
547 470 604 502 ex
630 470 722 503 aere
744 456 971 503 Statuam
993 456 1260 517 erigerent,
1291 452 1519 517 ipsasque
1550 452 1682 501 urbis
1705 454 1867 501 claves
1882 488 1895 506 ‚
1920 453 2060 502 velut
2080 454 2133 500 in

367 535 545 568 manus
558 517 866 571 semi-DEI,-
881 531 1010 580 quot
1030 517 1203 565 dicbus
1218 552 1228 567 ,
1257 517 1595 579 deponerent,
1624 531 1739 564 raro
1757 515 1853 565 hos
1871 519 1998 564 inter
2011 530 2134 564 con-

364 582 565 631 tribules
586 582 835 646 exemplo.
903 580 1119 629 Accedit
1148 613 1164 633 ,
1208 577 1351 641 quod
1373 580 1525 643 genio
1545 580 1822 642 &ingenio
1844 576 2134 642 praeelariffi-

366 661 451 695 ma
478 646 715 698 nomina,
750 644 867 692 huie
900 643 1054 692 Secta:
1095 641 1403 693 accesserint,
1434 638 1763 704 Zenonisque
1791 641 2131 706 Philosophia,

365 724 463 774 prae
485 709 685 771 reliquis
706 708 980 772 plurimos,
1003 706 1082 755 vel
1108 706 1173 755 ad
1203 706 1511 754 aemulorum
1540 705 1811 761 invidiam,
1845 716 2134 754 numeraret

369 772 662 823 sectatores.
905 822 915 831 ⁴

493 835 692 885 LEUC:
758 834 856 883 Hic
877 847 1000 897 ergo
1020 834 1206 898 primus
1229 834 1485 897 ingenium
1507 830 1571 881 fic
1592 830 1683 880 soli
1707 830 1911 882 sacravit
1930 828 2134 884 Palladi,

367 912 422 949 ut
443 898 548 948 haec
571 899 637 947 illi
661 897 885 947 honores
913 898 1013 947 sine
1032 899 1299 950 virtute‚nt
1324 896 1759 944 immortalitatem
1783 897 2007 945 nominis
2033 892 2137 943 fine

364 965 475 1011 vita:
495 964 772 1026 integritate
792 962 807 1009 ἒ
872 963 1031 1011 MEL:
1068 975 1213 1012 erras,
1234 975 1343 1007 non
1360 958 1448 1007 nili
1468 959 1654 1024 spurius
1674 958 1850 1008 honor
1874 955 1969 1012 est,
1990 953 2138 1022 ignis-

366 1041 468 1089 que
497 1026 688 1079 fatuus,
715 1024 750 1073 si
779 1024 943 1073 luceat
970 1022 1154 1086 absque
1179 1022 1442 1087 splendore
1471 1024 1675 1071 virtutis,
1780 1025 2050 1071 Zenonem
2085 1022 2138 1069 in

365 1089 580 1138 tenebris
602 1088 808 1136 ethnicis
827 1086 863 1135 si
885 1086 1078 1135 luseum
1096 1086 1250 1139 vide&
1309 1085 1392 1133 uid
1416 1084 1563 1133 inde?
1599 1084 1661 1132 ad
1682 1082 1796 1132 fidei
1818 1085 1997 1132 lumen
2014 1098 2139 1138 con-

365 1151 609 1215 templare
651 1151 782 1198 hanc
831 1149 1078 1198 noctuam
1107 1180 1121 1201 ‚
1174 1150 1225 1196 ὅ(
1277 1149 1294 1195 1
1320 1146 1491 1210 upebis
1529 1149 1803 1196 coeeitatem
1849 1146 2138 1203 Cimmeriis

368 1215 574 1278 dignam
603 1213 818 1261 tenebris
855 1229 867 1259 z
904 1221 1049 1270 nempe
1086 1207 1350 1266 obscuratum
1389 1207 1442 1262 est
1488 1208 1683 1269 infipiens
1709 1226 1782 1255 cor
1817 1226 1977 1256 eorum.
2061 1210 2140 1258 En

367 1278 571 1328 DEUM
593 1310 606 1330 ,
642 1290 798 1338 quem
825 1273 1025 1338 Sophus
1052 1272 1132 1320 hic
1154 1272 1363 1321 credidit
1384 1274 1619 1325 unicum,
1656 1272 1890 1320 laudabili
1913 1274 2138 1325 veritate,

369 1341 605 1390 deteriori
622 1354 748 1387 mox
774 1337 979 1385 falsitate
1002 1334 1095 1383 effe
1115 1336 1337 1382 animam
1357 1334 1534 1382 docuit
1554 1367 1567 1388 ‚
1603 1349 1713 1397 qnae
1744 1334 1863 1383 huic
1892 1335 2141 1399 spectabili

367 1403 567 1454 mundo
592 1436 606 1457 ‚
642 1401 780 1450 velut
801 1400 1007 1464 corpori
1024 1400 1164 1446 'unita
1194 1431 1207 1451 ‚
1243 1399 1486 1445 animaret
1508 1396 1823 1446 inconditam
1850 1397 1982 1446 hane
2001 1411 2141 1446 terrae

368 1468 568 1517 molem
593 1483 603 1513 ε
643 1467 693 1516 ὅ(
721 1463 843 1525 quid
870 1462 955 1510 tali
981 1457 1212 1509 monstro
1252 1459 1372 1524 fingi
1394 1458 1540 1524 possit
1567 1459 1779 1524 ineptius
1803 1462 1818 1508 ?
1854 1476 1928 1508 res
1958 1475 2141 1510 omnes

369 1528 778 1581 incommutabili
802 1525 981 1575 ordine
1012 1557 1024 1577 ‚
1061 1521 1251 1586 fataliqs
1288 1523 1481 1588 prorsus
1511 1523 1794 1572 necestitate
1825 1559 1838 1574 ‚
1874 1522 1940 1572 fic
1965 1524 2141 1579 volvi,

370 1588 645 1655 evolvi‘que
665 1589 858 1639 afferuit
877 1623 891 1643 ,
929 1601 982 1637 ut
1015 1588 1178 1636 fatum
1200 1587 1302 1635 hoc
1326 1620 1339 1641 ,
1390 1585 1586 1650 ipsimet
1624 1589 1744 1645 Jovi
1783 1586 2109 1651 insuperabile
2128 1620 2142 1642 ,

369 1656 543 1706 caetera
566 1656 710 1704 omni
750 1665 946 1702 orentes
972 1684 984 1705 ,
1020 1650 1114 1699 hae
1140 1663 1314 1698 tamen
1337 1665 1394 1697 ex
1422 1662 1556 1713 parte
1585 1650 1810 1698 imbelles
1841 1652 2014 1714 ligaret
2038 1666 2144 1699 ma-

369 1736 463 1770 nus
492 1737 504 1766 ε
543 1722 592 1768 &
611 1719 698 1781 qui
761 1717 969 1780 eogitari
997 1712 1156 1779 poffet
1188 1715 1368 1762 rationi
1391 1712 1709 1762 difformius?
1744 1713 1948 1768 scelera,
1968 1710 2146 1764 statera

371 1781 591 1833 nimium
635 1776 818 1830 dolosa
852 1778 1062 1827 librabat
1086 1811 1102 1831 ,
1138 1777 1316 1825 cuneta
1348 1776 1566 1834 ejusdem
1596 1777 1832 1842 ponderis
1849 1774 2144 1833 asseverans,

374 1841 693 1907 codemque,
715 1842 1014 1892 crediderim
1028 1875 1040 1894 ,
1059 1841 1299 1905 supplicio
1322 1838 1597 1888 damnasset
1617 1841 1885 1889 Neronem
1899 1873 1913 1894 ,
1949 1840 2146 1890 saevien-

375 1923 481 1959 tem
501 1911 550 1957 in
569 1908 804 1956 homines
827 1940 839 1960 ‚
877 1921 933 1953 ae
952 1906 1313 1954 Domitianum
1339 1903 1625 1952 saevientem
1644 1905 1696 1951 in
1717 1902 1927 1952 muscas,
2007 1905 2146 1953 Sileo

376 1973 632 2022 sexcentos
653 1971 935 2033 errores-,in
962 1983 1091 2031 quos
1110 1968 1233 2017 dum
1257 1967 1300 2014 la
1337 1966 1411 2015 sus
1434 1962 1502 2014 est
1528 1979 1702 2015 mente
1732 1999 1746 2020 ‚
1781 1965 1904 2029 quid
1924 1969 2113 2017 mirum
2130 1997 2149 2022 ⁴‚

375 2035 409 2086 fi
432 2037 729 2097 vertiginem
752 2031 907 2098 pafl‘us
931 2068 942 2083 ,
981 2031 1187 2079 tandem
1207 2031 1251 2078 la
1269 2045 1286 2069 Ἰ
1310 2046 1363 2079 us
1386 2026 1455 2078 est
1472 2029 1724 2094 corpore?
1757 2044 1878 2078 nam
1905 2033 2042 2080 oravi
2070 2046 2148 2080 ca-

375 2099 427 2149 su
451 2096 686 2147 afflictam
706 2130 718 2151 ‚
756 2096 977 2145 violenta
997 2107 1167 2144 morte
1189 2127 1201 2147 ‚
1237 2045 1325 2144 libi
1352 2095 1576 2142 animam
1601 2091 1812 2159 expulit3
1848 2069 2055 2148 scilieet,
2092 2106 2148 2142 ut

379 2162 489 2212 fato
505 2194 518 2214 ‚
554 2159 697 2223 quod
712 2158 851 2208 finxit
868 2160 1009 2208 vivus
1032 2191 1046 2213 2
1082 2157 1387 2208 concederet
1412 2168 1646 2205 mortuus
1676 2188 1690 2210 ,
1727 2157 1904 2205 erroris
1924 2157 2077 2205 etiam
2095 2159 2149 2205 in

372 2237 546 2282 'morte
560 2219 797 2287 Magister
820 2254 834 2275 ‚
869 2236 969 2284 qua
1000 2219 1128 2271 falso
1163 2220 1298 2270 docti
1333 2251 1346 2276 ,
1382 2230 1492 2268 tum
1511 2215 1734 2268 docuere
1753 2217 2003 2283 discipuli,
2039 2222 2148 2269 vio-

379 2290 534 2338 lentas
553 2286 641 2335 fibi
660 2300 836 2334 manus
848 2283 1030 2335 inferre
1048 2282 1470 2355 probrosum-non
1484 2280 1575 2333 effe
1588 2316 1601 2338 ,
1621 2282 1702 2334 sed
1712 2280 1991 2348 gloriosum
2004 2314 2018 2337 ‚
2032 2285 2150 2347 quia

383 2353 632 2402 Stoicum.

511 2411 707 2464 LEUC:
743 2406 1017 2476 Depinxisti
1054 2421 1370 2474 prototypon
1408 2407 1687 2460 ambullatae
1716 2405 2153 2459 inEthnjcovani-

386 2480 509 2525 tatis.
588 2476 688 2528 Vel
710 2490 835 2524 unus
859 2473 983 2522 mihi
1006 2476 1149 2525 Zeno
1164 2472 1432 2526 sufficeret,
1458 2470 1717 2539 proposito
1737 2470 1964 2520 lemmati
1981 2470 2051 2520 sat
2069 2487 2152 2537 ap-

384 2551 462 2590 tus
481 2536 634 2591 testis:
673 2535 822 2602 quod
847 2537 956 2605 plus
978 2549 1163 2594 noceat
1178 2570 1192 2593 2
1228 2535 1384 2600 quam
1405 2537 1588 2591 docear
1610 2532 1714 2588 sola
1733 2533 1833 2589 line
1860 2535 2041 2606 virtute
2067 2535 2152 2585 sci-
