<?xml version="1.0" encoding="UTF-8"?>
<!DOCTYPE html PUBLIC "-//W3C//DTD XHTML 1.0 Transitional//EN"
    "http://www.w3.org/TR/xhtml1/DTD/xhtml1-transitional.dtd">
<html xmlns="http://www.w3.org/1999/xhtml" xml:lang="en" lang="en">
 <head>
  <title>
</title>
<meta http-equiv="Content-Type" content="text/html;charset=utf-8" />
  <meta name='ocr-system' content='tesseract 3.04.00' />
  <meta name='ocr-capabilities' content='ocr_page ocr_carea ocr_par ocr_line ocrx_word'/>
</head>
<body>
  <div class='ocr_page' id='page_1' title='image "./nostritemporisph00schw/nostritemporisph00schw_0137.png"; bbox 0 0 2175 2911; ppageno 0'>
   <div class='ocr_carea' id='block_1_1' title="bbox 631 105 1717 183">
    <p class='ocr_par' dir='ltr' id='par_1_1' title="bbox 631 105 1717 183">
     <span class='ocr_line' id='line_1_1' title="bbox 631 105 1717 183; baseline 0.003 -17"><span class='ocrx_word' id='word_1_1' title='bbox 631 110 762 180; x_wconf 72' lang='lat' dir='ltr'>scylla</span> <span class='ocrx_word' id='word_1_2' title='bbox 783 105 911 183; x_wconf 73' lang='lat' dir='ltr'>atque</span> <span class='ocrx_word' id='word_1_3' title='bbox 936 108 1175 183; x_wconf 56' lang='lat' dir='ltr'>charybdiaj</span> <span class='ocrx_word' id='word_1_4' title='bbox 1627 135 1717 182; x_wconf 74' lang='lat'>109</span> 
     </span>
    </p>
   </div>
   <div class='ocr_carea' id='block_1_2' title="bbox 0 208 1790 1222">
    <p class='ocr_par' dir='ltr' id='par_1_2' title="bbox 0 208 1790 1222">
     <span class='ocr_line' id='line_1_2' title="bbox 0 208 1783 279; baseline -0.006 -15"><span class='ocrx_word' id='word_1_5' title='bbox 0 218 9 270; x_wconf 69' lang='lat'>:³</span> <span class='ocrx_word' id='word_1_6' title='bbox 39 211 153 279; x_wconf 82' lang='lat' dir='ltr'>post</span> <span class='ocrx_word' id='word_1_7' title='bbox 181 223 505 264; x_wconf 78' lang='lat' dir='ltr'>exoneratum</span> <span class='ocrx_word' id='word_1_8' title='bbox 531 208 769 257; x_wconf 88' lang='lat' dir='ltr'>incendio</span> <span class='ocrx_word' id='word_1_9' title='bbox 802 209 985 258; x_wconf 89' lang='lat' dir='ltr'>ultimo</span> <span class='ocrx_word' id='word_1_10' title='bbox 1007 222 1251 258; x_wconf 76' lang='lat' dir='ltr'>craterem</span> <span class='ocrx_word' id='word_1_11' title='bbox 1281 240 1293 264; x_wconf 74' lang='lat'>‚</span> <span class='ocrx_word' id='word_1_12' title='bbox 1329 226 1416 275; x_wconf 87' lang='lat' dir='ltr'>per</span> <span class='ocrx_word' id='word_1_13' title='bbox 1443 214 1608 264; x_wconf 84' lang='lat' dir='ltr'>varios</span> <span class='ocrx_word' id='word_1_14' title='bbox 1639 226 1783 260; x_wconf 81' lang='lat' dir='ltr'>cana-</span> 
     </span>
     <span class='ocr_line' id='line_1_3' title="bbox 0 270 1781 340; baseline -0.003 -13"><span class='ocrx_word' id='word_1_15' title='bbox 0 283 11 337; x_wconf 65' lang='grc' dir='ltr'>’ῑζ</span> <span class='ocrx_word' id='word_1_16' title='bbox 39 281 109 329; x_wconf 88' lang='lat' dir='ltr'>les</span> <span class='ocrx_word' id='word_1_17' title='bbox 133 290 384 328; x_wconf 79' lang='lat' dir='ltr'><strong>meantem</strong></span> <span class='ocrx_word' id='word_1_18' title='bbox 413 272 601 322; x_wconf 86' lang='lat' dir='ltr'>undam</span> <span class='ocrx_word' id='word_1_19' title='bbox 626 305 639 325; x_wconf 83' lang='lat'>‚</span> <span class='ocrx_word' id='word_1_20' title='bbox 675 287 795 320; x_wconf 88' lang='lat' dir='ltr'>cum</span> <span class='ocrx_word' id='word_1_21' title='bbox 817 270 951 322; x_wconf 68' lang='lat' dir='ltr'>unda</span> <span class='ocrx_word' id='word_1_22' title='bbox 978 289 1153 323; x_wconf 85' lang='lat' dir='ltr'>voces,</span> <span class='ocrx_word' id='word_1_23' title='bbox 1192 275 1242 321; x_wconf 89' lang='lat' dir='ltr'>in</span> <span class='ocrx_word' id='word_1_24' title='bbox 1273 279 1457 324; x_wconf 84' lang='lat' dir='ltr'>vertice</span> <span class='ocrx_word' id='word_1_25' title='bbox 1479 278 1694 340; x_wconf 86' lang='lat' dir='ltr'>prolatas</span> <span class='ocrx_word' id='word_1_26' title='bbox 1715 274 1781 325; x_wconf 84' lang='lat' dir='ltr'>fic</span> 
     </span>
     <span class='ocr_line' id='line_1_4' title="bbox 0 336 1779 408; baseline -0.001 -21"><span class='ocrx_word' id='word_1_27' title='bbox 0 359 9 390; x_wconf 44' lang='lat'>‚¹</span> <span class='ocrx_word' id='word_1_28' title='bbox 38 352 283 408; x_wconf 78' lang='lat' dir='ltr'>propagat</span> <span class='ocrx_word' id='word_1_29' title='bbox 313 338 375 387; x_wconf 88' lang='lat' dir='ltr'>ad</span> <span class='ocrx_word' id='word_1_30' title='bbox 394 339 496 385; x_wconf 90' lang='lat' dir='ltr'>ima</span> <span class='ocrx_word' id='word_1_31' title='bbox 517 369 530 389; x_wconf 88' lang='lat'>‚</span> <span class='ocrx_word' id='word_1_32' title='bbox 567 348 622 384; x_wconf 91' lang='lat' dir='ltr'>ut</span> <span class='ocrx_word' id='word_1_33' title='bbox 645 337 699 384; x_wconf 89' lang='lat' dir='ltr'>in</span> <span class='ocrx_word' id='word_1_34' title='bbox 725 336 889 384; x_wconf 80' lang='lat' dir='ltr'>radice</span> <span class='ocrx_word' id='word_1_35' title='bbox 918 370 932 390; x_wconf 86' lang='lat'>‚</span> <span class='ocrx_word' id='word_1_36' title='bbox 969 337 1241 399; x_wconf 81' lang='lat' dir='ltr'>loquacem</span> <span class='ocrx_word' id='word_1_37' title='bbox 1268 337 1459 387; x_wconf 89' lang='lat' dir='ltr'>undam</span> <span class='ocrx_word' id='word_1_38' title='bbox 1483 372 1496 391; x_wconf 89' lang='lat'>,</span> <span class='ocrx_word' id='word_1_39' title='bbox 1535 340 1617 389; x_wconf 82' lang='lat' dir='ltr'>vel</span> <span class='ocrx_word' id='word_1_40' title='bbox 1654 338 1779 386; x_wconf 89' lang='lat' dir='ltr'>redi-</span> 
     </span>
     <span class='ocr_line' id='line_1_5' title="bbox 0 399 1782 462; baseline -0.004 -6"><span class='ocrx_word' id='word_1_41' title='bbox 0 449 2 456; x_wconf 93' lang='lat'>.</span> <span class='ocrx_word' id='word_1_42' title='bbox 38 408 212 456; x_wconf 89' lang='lat' dir='ltr'>vivum</span> <span class='ocrx_word' id='word_1_43' title='bbox 239 406 290 452; x_wconf 91' lang='lat' dir='ltr'>in</span> <span class='ocrx_word' id='word_1_44' title='bbox 316 399 459 448; x_wconf 88' lang='lat' dir='ltr'>undis</span> <span class='ocrx_word' id='word_1_45' title='bbox 474 399 774 453; x_wconf 73' lang='lat' dir='ltr'>Narcissum,</span> <span class='ocrx_word' id='word_1_46' title='bbox 793 400 882 449; x_wconf 90' lang='lat' dir='ltr'>tibi</span> <span class='ocrx_word' id='word_1_47' title='bbox 904 400 1132 462; x_wconf 86' lang='lat' dir='ltr'>colloqui</span> <span class='ocrx_word' id='word_1_48' title='bbox 1161 400 1358 457; x_wconf 85' lang='lat' dir='ltr'>jurares.</span> <span class='ocrx_word' id='word_1_49' title='bbox 1435 404 1567 452; x_wconf 89' lang='lat' dir='ltr'>Hinc</span> <span class='ocrx_word' id='word_1_50' title='bbox 1585 402 1782 455; x_wconf 83' lang='lat' dir='ltr'>audias,</span> 
     </span>
     <span class='ocr_line' id='line_1_6' title="bbox 0 460 1782 528; baseline -0.001 -15"><span class='ocrx_word' id='word_1_51' title='bbox 0 470 11 513; x_wconf 52' lang='lat' dir='ltr'>fs·</span> <span class='ocrx_word' id='word_1_52' title='bbox 36 468 141 518; x_wconf 91' lang='lat' dir='ltr'>hoc</span> <span class='ocrx_word' id='word_1_53' title='bbox 167 469 218 516; x_wconf 92' lang='lat' dir='ltr'>in</span> <span class='ocrx_word' id='word_1_54' title='bbox 240 466 362 513; x_wconf 93' lang='lat' dir='ltr'>loco</span> <span class='ocrx_word' id='word_1_55' title='bbox 387 460 654 513; x_wconf 85' lang='lat' dir='ltr'>Pastorum</span> <span class='ocrx_word' id='word_1_56' title='bbox 690 463 949 526; x_wconf 85' lang='lat' dir='ltr'>colloquia</span> <span class='ocrx_word' id='word_1_57' title='bbox 970 498 984 519; x_wconf 86' lang='lat'>,</span> <span class='ocrx_word' id='word_1_58' title='bbox 1014 461 1116 512; x_wconf 66' lang='lat' dir='ltr'>sola</span> <span class='ocrx_word' id='word_1_59' title='bbox 1158 476 1345 512; x_wconf 71' lang='lat' dir='ltr'>naturae</span> <span class='ocrx_word' id='word_1_60' title='bbox 1381 465 1688 528; x_wconf 79' lang='lat' dir='ltr'>garrulitate,</span> <span class='ocrx_word' id='word_1_61' title='bbox 1728 465 1782 512; x_wconf 91' lang='lat' dir='ltr'>li-</span> 
     </span>
     <span class='ocr_line' id='line_1_7' title="bbox 0 523 1781 580; baseline -0.002 0"><span class='ocrx_word' id='word_1_62' title='bbox 0 552 11 561; x_wconf 92' lang='lat'>..</span> <span class='ocrx_word' id='word_1_63' title='bbox 37 528 118 580; x_wconf 77' lang='lat' dir='ltr'>cet</span> <span class='ocrx_word' id='word_1_64' title='bbox 135 530 392 578; x_wconf 88' lang='lat' dir='ltr'>neminem</span> <span class='ocrx_word' id='word_1_65' title='bbox 416 526 601 580; x_wconf 77' lang='lat' dir='ltr'>videas,</span> <span class='ocrx_word' id='word_1_66' title='bbox 622 529 673 575; x_wconf 89' lang='lat' dir='ltr'>in</span> <span class='ocrx_word' id='word_1_67' title='bbox 702 528 881 576; x_wconf 86' lang='lat' dir='ltr'>vicinia</span> <span class='ocrx_word' id='word_1_68' title='bbox 905 523 1218 575; x_wconf 80' lang='lat' dir='ltr'>existentem:</span> <span class='ocrx_word' id='word_1_69' title='bbox 1259 543 1382 575; x_wconf 85' lang='lat' dir='ltr'>cane</span> <span class='ocrx_word' id='word_1_70' title='bbox 1405 530 1572 579; x_wconf 84' lang='lat' dir='ltr'>unico,</span> <span class='ocrx_word' id='word_1_71' title='bbox 1598 531 1648 576; x_wconf 86' lang='lat' dir='ltr'>in</span> <span class='ocrx_word' id='word_1_72' title='bbox 1675 543 1781 576; x_wconf 88' lang='lat' dir='ltr'>ver-</span> 
     </span>
     <span class='ocr_line' id='line_1_8' title="bbox 36 587 1780 654; baseline -0.002 -12.081"><span class='ocrx_word' id='word_1_73' title='bbox 36 597 131 642; x_wconf 88' lang='lat' dir='ltr'>tice</span> <span class='ocrx_word' id='word_1_74' title='bbox 160 593 348 641; x_wconf 85' lang='lat' dir='ltr'>montis</span> <span class='ocrx_word' id='word_1_75' title='bbox 374 590 605 644; x_wconf 81' lang='lat' dir='ltr'>latrante,</span> <span class='ocrx_word' id='word_1_76' title='bbox 631 589 799 637; x_wconf 81' lang='lat' dir='ltr'>audias</span> <span class='ocrx_word' id='word_1_77' title='bbox 830 592 1110 639; x_wconf 86' lang='lat' dir='ltr'>venationis</span> <span class='ocrx_word' id='word_1_78' title='bbox 1132 593 1333 654; x_wconf 76' lang='lat' dir='ltr'>integra:</span> <span class='ocrx_word' id='word_1_79' title='bbox 1362 590 1586 639; x_wconf 88' lang='lat' dir='ltr'>fremitus</span> <span class='ocrx_word' id='word_1_80' title='bbox 1606 627 1617 642; x_wconf 84' lang='lat'>‚</span> <span class='ocrx_word' id='word_1_81' title='bbox 1648 587 1780 639; x_wconf 78' lang='lat' dir='ltr'>adeo</span> 
     </span>
     <span class='ocr_line' id='line_1_9' title="bbox 7 652 1783 718; baseline -0.002 -15"><span class='ocrx_word' id='word_1_82' title='bbox 7 652 198 708; x_wconf 57' lang='lat' dir='ltr'>‘fsonus‚</span> <span class='ocrx_word' id='word_1_83' title='bbox 221 654 282 702; x_wconf 88' lang='lat' dir='ltr'>ab</span> <span class='ocrx_word' id='word_1_84' title='bbox 311 652 490 701; x_wconf 81' lang='lat' dir='ltr'>effossis</span> <span class='ocrx_word' id='word_1_85' title='bbox 518 653 766 701; x_wconf 88' lang='lat' dir='ltr'>canalibus</span> <span class='ocrx_word' id='word_1_86' title='bbox 800 655 1116 718; x_wconf 84' lang='lat' dir='ltr'>interceptus,</span> <span class='ocrx_word' id='word_1_87' title='bbox 1144 654 1432 708; x_wconf 85' lang='lat' dir='ltr'>interditur‚</span> <span class='ocrx_word' id='word_1_88' title='bbox 1459 670 1515 702; x_wconf 87' lang='lat' dir='ltr'>ac</span> <span class='ocrx_word' id='word_1_89' title='bbox 1538 652 1783 718; x_wconf 86' lang='lat' dir='ltr'>repercus-</span> 
     </span>
     <span class='ocr_line' id='line_1_10' title="bbox 9 715 1781 783; baseline -0.002 -16"><span class='ocrx_word' id='word_1_90' title='bbox 9 718 106 768; x_wconf 82' lang='lat' dir='ltr'>&#39;sus</span> <span class='ocrx_word' id='word_1_91' title='bbox 130 718 501 780; x_wconf 81' lang='lat' dir='ltr'>multiplicatur.</span> <span class='ocrx_word' id='word_1_92' title='bbox 555 715 731 781; x_wconf 16' lang='lat' dir='ltr'>uAddo</span> <span class='ocrx_word' id='word_1_93' title='bbox 752 715 968 780; x_wconf 88' lang='lat' dir='ltr'>denique</span> <span class='ocrx_word' id='word_1_94' title='bbox 992 718 1223 774; x_wconf 82' lang='lat' dir='ltr'>jocosum</span> <span class='ocrx_word' id='word_1_95' title='bbox 1242 718 1443 783; x_wconf 89' lang='lat' dir='ltr'>Carpati</span> <span class='ocrx_word' id='word_1_96' title='bbox 1465 718 1781 782; x_wconf 80' lang='lat' dir='ltr'>prodigium:</span> 
     </span>
     <span class='ocr_line' id='line_1_11' title="bbox 9 777 1782 845; baseline -0.002 -15"><span class='ocrx_word' id='word_1_97' title='bbox 9 804 14 815; x_wconf 91' lang='lat'>·-</span> <span class='ocrx_word' id='word_1_98' title='bbox 31 782 191 831; x_wconf 90' lang='lat' dir='ltr'>Mons</span> <span class='ocrx_word' id='word_1_99' title='bbox 216 777 284 829; x_wconf 84' lang='lat' dir='ltr'>est</span> <span class='ocrx_word' id='word_1_100' title='bbox 301 782 352 828; x_wconf 91' lang='lat' dir='ltr'>in</span> <span class='ocrx_word' id='word_1_101' title='bbox 365 780 618 842; x_wconf 81' lang='lat' dir='ltr'>Hungaria</span> <span class='ocrx_word' id='word_1_102' title='bbox 636 778 840 827; x_wconf 87' lang='lat' dir='ltr'>celebris</span> <span class='ocrx_word' id='word_1_103' title='bbox 867 799 876 828; x_wconf 91' lang='lat'><strong>:</strong></span> <span class='ocrx_word' id='word_1_104' title='bbox 912 782 964 828; x_wconf 88' lang='lat' dir='ltr'>in</span> <span class='ocrx_word' id='word_1_105' title='bbox 992 780 1135 839; x_wconf 88' lang='lat' dir='ltr'>hujus</span> <span class='ocrx_word' id='word_1_106' title='bbox 1160 782 1363 831; x_wconf 85' lang='lat' dir='ltr'>Vertice</span> <span class='ocrx_word' id='word_1_107' title='bbox 1384 780 1417 829; x_wconf 89' lang='lat' dir='ltr'><strong>fi</strong></span> <span class='ocrx_word' id='word_1_108' title='bbox 1438 781 1664 845; x_wconf 88' lang='lat' dir='ltr'>sclopum</span> <span class='ocrx_word' id='word_1_109' title='bbox 1678 794 1782 827; x_wconf 88' lang='lat' dir='ltr'>ma-</span> 
     </span>
     <span class='ocr_line' id='line_1_12' title="bbox 10 841 1784 909; baseline -0.002 -16"><span class='ocrx_word' id='word_1_110' title='bbox 10 845 236 900; x_wconf 75' lang='lat' dir='ltr'>1nualem</span> <span class='ocrx_word' id='word_1_111' title='bbox 264 842 526 906; x_wconf 59' lang='lat' dir='ltr'>explodam,</span> <span class='ocrx_word' id='word_1_112' title='bbox 558 842 637 890; x_wconf 87' lang='lat' dir='ltr'>vel</span> <span class='ocrx_word' id='word_1_113' title='bbox 659 854 868 891; x_wconf 88' lang='lat' dir='ltr'>tenuem</span> <span class='ocrx_word' id='word_1_114' title='bbox 901 843 1129 894; x_wconf 80' lang='lat' dir='ltr'>dissolvas</span> <span class='ocrx_word' id='word_1_115' title='bbox 1166 845 1393 909; x_wconf 87' lang='lat' dir='ltr'>lapillum</span> <span class='ocrx_word' id='word_1_116' title='bbox 1412 878 1427 898; x_wconf 83' lang='lat'>‚</span> <span class='ocrx_word' id='word_1_117' title='bbox 1461 860 1585 892; x_wconf 84' lang='lat' dir='ltr'>mox</span> <span class='ocrx_word' id='word_1_118' title='bbox 1620 841 1784 907; x_wconf 85' lang='lat' dir='ltr'>strepi-</span> 
     </span>
     <span class='ocr_line' id='line_1_13' title="bbox 30 904 1784 972; baseline -0.001 -17"><span class='ocrx_word' id='word_1_119' title='bbox 30 920 135 961; x_wconf 82' lang='lat' dir='ltr'>tus,</span> <span class='ocrx_word' id='word_1_120' title='bbox 167 905 431 954; x_wconf 55' lang='lat' dir='ltr'>confracto</span> <span class='ocrx_word' id='word_1_121' title='bbox 455 904 640 953; x_wconf 89' lang='lat' dir='ltr'>baculo</span> <span class='ocrx_word' id='word_1_122' title='bbox 668 907 812 954; x_wconf 88' lang='lat' dir='ltr'>initio</span> <span class='ocrx_word' id='word_1_123' title='bbox 830 905 1023 961; x_wconf 85' lang='lat' dir='ltr'>fimilis,</span> <span class='ocrx_word' id='word_1_124' title='bbox 1053 924 1141 972; x_wconf 89' lang='lat' dir='ltr'>pcr</span> <span class='ocrx_word' id='word_1_125' title='bbox 1162 908 1316 972; x_wconf 78' lang='lat' dir='ltr'>sylvas</span> <span class='ocrx_word' id='word_1_126' title='bbox 1341 911 1390 958; x_wconf 68' lang='grc' dir='ltr'>δε</span> <span class='ocrx_word' id='word_1_127' title='bbox 1419 908 1567 956; x_wconf 82' lang='lat' dir='ltr'>valles</span> <span class='ocrx_word' id='word_1_128' title='bbox 1599 906 1662 954; x_wconf 82' lang='lat' dir='ltr'>sic</span> <span class='ocrx_word' id='word_1_129' title='bbox 1696 908 1784 953; x_wconf 90' lang='lat' dir='ltr'>cir-</span> 
     </span>
     <span class='ocr_line' id='line_1_14' title="bbox 28 968 1786 1035; baseline -0.002 -17"><span class='ocrx_word' id='word_1_130' title='bbox 28 968 405 1023; x_wconf 79' lang='lat' dir='ltr'>cumfunditur,</span> <span class='ocrx_word' id='word_1_131' title='bbox 425 980 480 1016; x_wconf 91' lang='lat' dir='ltr'>ut</span> <span class='ocrx_word' id='word_1_132' title='bbox 500 980 883 1018; x_wconf 87' lang='lat' dir='ltr'>tormentorum</span> <span class='ocrx_word' id='word_1_133' title='bbox 904 971 1179 1035; x_wconf 82' lang='lat' dir='ltr'>fragorem,</span> <span class='ocrx_word' id='word_1_134' title='bbox 1203 988 1260 1020; x_wconf 89' lang='lat' dir='ltr'>ac</span> <span class='ocrx_word' id='word_1_135' title='bbox 1282 972 1597 1020; x_wconf 82' lang='lat' dir='ltr'>discurrentia</span> <span class='ocrx_word' id='word_1_136' title='bbox 1619 969 1786 1017; x_wconf 87' lang='lat' dir='ltr'>fulmi-</span> 
     </span>
     <span class='ocr_line' id='line_1_15' title="bbox 12 1031 1788 1093; baseline -0.002 -12"><span class='ocrx_word' id='word_1_137' title='bbox 12 1036 94 1081; x_wconf 83' lang='lat' dir='ltr'>²na</span> <span class='ocrx_word' id='word_1_138' title='bbox 116 1032 294 1079; x_wconf 89' lang='lat' dir='ltr'>referat</span> <span class='ocrx_word' id='word_1_139' title='bbox 320 1065 333 1085; x_wconf 82' lang='lat'>‚</span> <span class='ocrx_word' id='word_1_140' title='bbox 369 1044 518 1093; x_wconf 86' lang='lat' dir='ltr'>atque</span> <span class='ocrx_word' id='word_1_141' title='bbox 544 1034 699 1080; x_wconf 88' lang='lat' dir='ltr'>totius</span> <span class='ocrx_word' id='word_1_142' title='bbox 720 1035 910 1081; x_wconf 87' lang='lat' dir='ltr'>montis</span> <span class='ocrx_word' id='word_1_143' title='bbox 931 1038 1130 1083; x_wconf 84' lang='lat' dir='ltr'>ruinam</span> <span class='ocrx_word' id='word_1_144' title='bbox 1150 1069 1162 1088; x_wconf 83' lang='lat'>‚</span> <span class='ocrx_word' id='word_1_145' title='bbox 1200 1052 1318 1084; x_wconf 88' lang='lat' dir='ltr'>cum</span> <span class='ocrx_word' id='word_1_146' title='bbox 1346 1035 1619 1083; x_wconf 83' lang='lat' dir='ltr'>innumeris</span> <span class='ocrx_word' id='word_1_147' title='bbox 1641 1031 1788 1080; x_wconf 77' lang='lat' dir='ltr'>vacil-</span> 
     </span>
     <span class='ocr_line' id='line_1_16' title="bbox 11 1094 1790 1161; baseline 0.001 -18"><span class='ocrx_word' id='word_1_148' title='bbox 11 1094 243 1143; x_wconf 49' lang='lat' dir='ltr'>lantibus</span> <span class='ocrx_word' id='word_1_149' title='bbox 272 1095 387 1144; x_wconf 84' lang='lat' dir='ltr'>saxis</span> <span class='ocrx_word' id='word_1_150' title='bbox 419 1127 431 1147; x_wconf 87' lang='lat'>‚</span> <span class='ocrx_word' id='word_1_151' title='bbox 467 1094 706 1142; x_wconf 60' lang='lat' dir='ltr'>tracturus</span> <span class='ocrx_word' id='word_1_152' title='bbox 735 1096 978 1144; x_wconf 86' lang='lat' dir='ltr'>videatur.</span> <span class='ocrx_word' id='word_1_153' title='bbox 1047 1100 1146 1145; x_wconf 87' lang='lat' dir='ltr'>En!</span> <span class='ocrx_word' id='word_1_154' title='bbox 1182 1111 1235 1146; x_wconf 93' lang='lat' dir='ltr'>ut</span> <span class='ocrx_word' id='word_1_155' title='bbox 1264 1114 1382 1146; x_wconf 85' lang='lat' dir='ltr'>cum</span> <span class='ocrx_word' id='word_1_156' title='bbox 1402 1099 1643 1145; x_wconf 88' lang='lat' dir='ltr'>Lucretio</span> <span class='ocrx_word' id='word_1_157' title='bbox 1666 1095 1790 1161; x_wconf 79' lang='lat' dir='ltr'>pari-</span> 
     </span>
     <span class='ocr_line' id='line_1_17' title="bbox 14 1155 1625 1222; baseline -0.001 -15"><span class='ocrx_word' id='word_1_158' title='bbox 14 1171 103 1215; x_wconf 57' lang='lat' dir='ltr'>{ter</span> <span class='ocrx_word' id='word_1_159' title='bbox 124 1157 297 1210; x_wconf 82' lang='lat' dir='ltr'>finiam</span> <span class='ocrx_word' id='word_1_160' title='bbox 321 1192 334 1214; x_wconf 87' lang='grc'>,</span> <span class='ocrx_word' id='word_1_161' title='bbox 365 1155 520 1220; x_wconf 67' lang='lat' dir='ltr'>quam</span> <span class='ocrx_word' id='word_1_162' title='bbox 539 1158 591 1205; x_wconf 89' lang='lat' dir='ltr'>in</span> <span class='ocrx_word' id='word_1_163' title='bbox 612 1157 794 1205; x_wconf 86' lang='lat' dir='ltr'>multas</span> <span class='ocrx_word' id='word_1_164' title='bbox 813 1173 968 1208; x_wconf 82' lang='lat' dir='ltr'>voces</span> <span class='ocrx_word' id='word_1_165' title='bbox 993 1176 1082 1205; x_wconf 81' lang='lat' dir='ltr'>vox</span> <span class='ocrx_word' id='word_1_166' title='bbox 1099 1176 1181 1205; x_wconf 77' lang='lat' dir='ltr'>una</span> <span class='ocrx_word' id='word_1_167' title='bbox 1202 1161 1372 1220; x_wconf 66' lang='lat' dir='ltr'>repentex</span> <span class='ocrx_word' id='word_1_168' title='bbox 1395 1158 1625 1222; x_wconf 51' lang='lat' dir='ltr'>diffiagc&#39;at?</span> 
     </span>
    </p>
   </div>
   <div class='ocr_carea' id='block_1_3' title="bbox 0 611 65 2587">
    <p class='ocr_par' dir='ltr' id='par_1_3' title="bbox 0 611 65 2587">
     <span class='ocr_line' id='line_1_18' title="bbox 0 611 19 879; baseline 0 -116"><span class='ocrx_word' id='word_1_169' title='bbox 0 611 19 879; x_wconf 95' lang='lat' dir='ltr'>    </span> 
     </span>
     <span class='ocr_line' id='line_1_19' title="bbox 0 879 22 1255; baseline 0 0"><span class='ocrx_word' id='word_1_170' title='bbox 0 879 22 1255; x_wconf 95' lang='lat' dir='ltr'>      </span> 
     </span>
     <span class='ocr_line' id='line_1_20' title="bbox 0 1255 24 1499; baseline 0 1412"><span class='ocrx_word' id='word_1_171' title='bbox 0 1255 24 1499; x_wconf 95' lang='lat' dir='ltr'> </span> 
     </span>
     <span class='ocr_line' id='line_1_21' title="bbox 0 1499 25 1949; baseline 0 -313"><span class='ocrx_word' id='word_1_172' title='bbox 0 1499 25 1949; x_wconf 95' lang='lat' dir='ltr'>      </span> 
     </span>
     <span class='ocr_line' id='line_1_22' title="bbox 0 1949 24 2002; baseline 0 909"><span class='ocrx_word' id='word_1_173' title='bbox 0 1949 24 2002; x_wconf 95' lang='lat' dir='ltr'> </span> 
     </span>
     <span class='ocr_line' id='line_1_23' title="bbox 0 2002 65 2375; baseline 0 -28"><span class='ocrx_word' id='word_1_174' title='bbox 0 2002 65 2375; x_wconf 95' lang='lat' dir='ltr'>      </span> 
     </span>
     <span class='ocr_line' id='line_1_24' title="bbox 0 2375 54 2587; baseline 0 -59"><span class='ocrx_word' id='word_1_175' title='bbox 0 2375 54 2587; x_wconf 95' lang='lat' dir='ltr'>   </span> 
     </span>
    </p>
   </div>
   <div class='ocr_carea' id='block_1_4' title="bbox 281 1282 1908 1470">
    <p class='ocr_par' dir='ltr' id='par_1_4' title="bbox 281 1282 1908 1470">
     <span class='ocr_line' id='line_1_25' title="bbox 283 1282 1390 1345; baseline 0.001 -16"><span class='ocrx_word' id='word_1_176' title='bbox 283 1287 382 1343; x_wconf 71' lang='lat' dir='ltr'>,Qae</span> <span class='ocrx_word' id='word_1_177' title='bbox 399 1282 502 1330; x_wconf 81' lang='lat' dir='ltr'>bene</span> <span class='ocrx_word' id='word_1_178' title='bbox 523 1284 616 1329; x_wconf 62' lang='lat' dir='ltr'>clim</span> <span class='ocrx_word' id='word_1_179' title='bbox 635 1285 784 1328; x_wconf 73' lang='lat' dir='ltr'>videas</span> <span class='ocrx_word' id='word_1_180' title='bbox 805 1319 818 1334; x_wconf 80' lang='grc'>,</span> <span class='ocrx_word' id='word_1_181' title='bbox 856 1287 1066 1330; x_wconf 78' lang='lat' dir='ltr'>rationem</span> <span class='ocrx_word' id='word_1_182' title='bbox 1085 1287 1258 1332; x_wconf 80' lang='lat' dir='ltr'>reddere</span> <span class='ocrx_word' id='word_1_183' title='bbox 1270 1285 1390 1345; x_wconf 80' lang='lat' dir='ltr'>poffis</span> 
     </span>
     <span class='ocr_line' id='line_1_26' title="bbox 290 1342 1908 1410; baseline -0.002 -19"><span class='ocrx_word' id='word_1_184' title='bbox 290 1346 436 1410; x_wconf 70' lang='lat' dir='ltr'>qune</span> <span class='ocrx_word' id='word_1_185' title='bbox 463 1345 546 1392; x_wconf 75' lang='lat' dir='ltr'>tihi</span> <span class='ocrx_word' id='word_1_186' title='bbox 567 1381 581 1396; x_wconf 89' lang='lat'><em>,</em></span> <span class='ocrx_word' id='word_1_187' title='bbox 618 1357 746 1407; x_wconf 70' lang='lat' dir='ltr'>atque</span> <span class='ocrx_word' id='word_1_188' title='bbox 763 1346 861 1404; x_wconf 75' lang='lat' dir='ltr'>alijs</span> <span class='ocrx_word' id='word_1_189' title='bbox 884 1380 896 1395; x_wconf 90' lang='lat'><em>,</em></span> <span class='ocrx_word' id='word_1_190' title='bbox 928 1363 1007 1408; x_wconf 75' lang='lat' dir='ltr'>quo</span> <span class='ocrx_word' id='word_1_191' title='bbox 1024 1348 1149 1405; x_wconf 69' lang='grc' dir='ltr'>Ραῖέο</span> <span class='ocrx_word' id='word_1_192' title='bbox 1171 1360 1251 1406; x_wconf 82' lang='lat' dir='ltr'>per</span> <span class='ocrx_word' id='word_1_193' title='bbox 1274 1349 1363 1392; x_wconf 78' lang='lat' dir='ltr'>loca</span> <span class='ocrx_word' id='word_1_194' title='bbox 1375 1348 1467 1403; x_wconf 76' lang='lat' dir='ltr'>sbla</span> <span class='ocrx_word' id='word_1_195' title='bbox 1819 1342 1850 1389; x_wconf 89' lang='lat' dir='ltr'>l.</span> <span class='ocrx_word' id='word_1_196' title='bbox 1870 1355 1908 1388; x_wconf 79' lang='lat' dir='ltr'>c,</span> 
     </span>
     <span class='ocr_line' id='line_1_27' title="bbox 281 1407 1455 1470; baseline 0.001 -15"><span class='ocrx_word' id='word_1_197' title='bbox 281 1414 392 1456; x_wconf 77' lang='lat' dir='ltr'>Saxa</span> <span class='ocrx_word' id='word_1_198' title='bbox 406 1421 533 1470; x_wconf 75' lang='lat' dir='ltr'>pares</span> <span class='ocrx_word' id='word_1_199' title='bbox 549 1407 715 1468; x_wconf 78' lang='lat' dir='ltr'>formas</span> <span class='ocrx_word' id='word_1_200' title='bbox 733 1407 963 1455; x_wconf 77' lang='lat' dir='ltr'>verborum</span> <span class='ocrx_word' id='word_1_201' title='bbox 993 1425 1047 1455; x_wconf 81' lang='lat' dir='ltr'>ex</span> <span class='ocrx_word' id='word_1_202' title='bbox 1073 1410 1218 1454; x_wconf 80' lang='lat' dir='ltr'>ordine</span> <span class='ocrx_word' id='word_1_203' title='bbox 1239 1411 1415 1455; x_wconf 78' lang='lat' dir='ltr'>reddant</span> <span class='ocrx_word' id='word_1_204' title='bbox 1434 1411 1455 1456; x_wconf 74' lang='grc' dir='ltr'>,ἓ</span> 
     </span>
    </p>
   </div>
   <div class='ocr_carea' id='block_1_5' title="bbox 15 1533 2025 2674">
    <p class='ocr_par' dir='ltr' id='par_1_5' title="bbox 15 1533 1785 1602">
     <span class='ocr_line' id='line_1_28' title="bbox 15 1533 1785 1602; baseline -0.001 -16"><span class='ocrx_word' id='word_1_205' title='bbox 15 1539 185 1590; x_wconf 74' lang='lat' dir='ltr'><em>{MELs</em></span> <span class='ocrx_word' id='word_1_206' title='bbox 220 1538 346 1587; x_wconf 90' lang='lat' dir='ltr'>Duo</span> <span class='ocrx_word' id='word_1_207' title='bbox 369 1535 479 1586; x_wconf 86' lang='lat' dir='ltr'>sunt</span> <span class='ocrx_word' id='word_1_208' title='bbox 498 1569 511 1591; x_wconf 83' lang='lat'>‚</span> <span class='ocrx_word' id='word_1_209' title='bbox 546 1550 768 1599; x_wconf 87' lang='lat' dir='ltr'>quorum</span> <span class='ocrx_word' id='word_1_210' title='bbox 797 1534 959 1585; x_wconf 86' lang='lat' dir='ltr'>causas</span> <span class='ocrx_word' id='word_1_211' title='bbox 982 1533 1008 1584; x_wconf 74' lang='grc' dir='ltr'>ὲ</span> <span class='ocrx_word' id='word_1_212' title='bbox 1030 1535 1344 1600; x_wconf 87' lang='lat' dir='ltr'>Philosopho</span> <span class='ocrx_word' id='word_1_213' title='bbox 1362 1537 1621 1586; x_wconf 86' lang='lat' dir='ltr'>Lucretius</span> <span class='ocrx_word' id='word_1_214' title='bbox 1638 1538 1785 1602; x_wconf 86' lang='lat' dir='ltr'>petit:</span> 
     </span>
    </p>

    <p class='ocr_par' dir='ltr' id='par_1_6' title="bbox 15 1594 1788 1663">
     <span class='ocr_line' id='line_1_29' title="bbox 15 1594 1788 1663; baseline 0 -15"><span class='ocrx_word' id='word_1_215' title='bbox 15 1594 170 1663; x_wconf 54' lang='lat' dir='ltr'>{rum</span> <span class='ocrx_word' id='word_1_216' title='bbox 187 1635 199 1654; x_wconf 88' lang='lat'>‚</span> <span class='ocrx_word' id='word_1_217' title='bbox 223 1601 357 1649; x_wconf 88' lang='lat' dir='ltr'>unde</span> <span class='ocrx_word' id='word_1_218' title='bbox 384 1599 757 1663; x_wconf 73' lang='lat' dir='ltr'>polyphonismi</span> <span class='ocrx_word' id='word_1_219' title='bbox 779 1599 1048 1648; x_wconf 78' lang='lat' dir='ltr'>echonici?</span> <span class='ocrx_word' id='word_1_220' title='bbox 1085 1615 1254 1653; x_wconf 82' lang='lat' dir='ltr'>2.um‚</span> <span class='ocrx_word' id='word_1_221' title='bbox 1288 1599 1422 1648; x_wconf 90' lang='lat' dir='ltr'>unde</span> <span class='ocrx_word' id='word_1_222' title='bbox 1442 1600 1655 1652; x_wconf 78' lang='lat' dir='ltr'>intensio</span> <span class='ocrx_word' id='word_1_223' title='bbox 1678 1602 1788 1649; x_wconf 92' lang='lat' dir='ltr'>illo-</span> 
     </span>
    </p>

    <p class='ocr_par' dir='ltr' id='par_1_7' title="bbox 29 1661 1790 1728">
     <span class='ocr_line' id='line_1_30' title="bbox 29 1661 1790 1728; baseline -0.001 -14"><span class='ocrx_word' id='word_1_224' title='bbox 29 1681 143 1714; x_wconf 82' lang='lat' dir='ltr'>rum</span> <span class='ocrx_word' id='word_1_225' title='bbox 163 1662 482 1711; x_wconf 77' lang='lat' dir='ltr'>tanta?Echo</span> <span class='ocrx_word' id='word_1_226' title='bbox 505 1661 671 1724; x_wconf 81' lang='lat' dir='ltr'>saepius</span> <span class='ocrx_word' id='word_1_227' title='bbox 693 1663 1018 1728; x_wconf 81' lang='lat' dir='ltr'>multiplicata</span> <span class='ocrx_word' id='word_1_228' title='bbox 1037 1678 1095 1711; x_wconf 84' lang='lat' dir='ltr'>ex</span> <span class='ocrx_word' id='word_1_229' title='bbox 1117 1679 1182 1712; x_wconf 91' lang='lat' dir='ltr'>eo</span> <span class='ocrx_word' id='word_1_230' title='bbox 1203 1665 1452 1726; x_wconf 84' lang='lat' dir='ltr'>originem</span> <span class='ocrx_word' id='word_1_231' title='bbox 1476 1661 1790 1726; x_wconf 69' lang='lat' dir='ltr'>tral]it‚quod</span> 
     </span>
    </p>

    <p class='ocr_par' dir='ltr' id='par_1_8' title="bbox 17 1724 1788 1790">
     <span class='ocr_line' id='line_1_31' title="bbox 17 1724 1788 1790; baseline -0.002 -14"><span class='ocrx_word' id='word_1_232' title='bbox 17 1726 131 1778; x_wconf 66' lang='lat' dir='ltr'>‘vox</span> <span class='ocrx_word' id='word_1_233' title='bbox 156 1726 305 1775; x_wconf 87' lang='lat' dir='ltr'>semel</span> <span class='ocrx_word' id='word_1_234' title='bbox 327 1727 602 1790; x_wconf 67' lang='lat' dir='ltr'>repercussa</span> <span class='ocrx_word' id='word_1_235' title='bbox 621 1759 634 1779; x_wconf 82' lang='lat'>‚</span> <span class='ocrx_word' id='word_1_236' title='bbox 670 1728 721 1774; x_wconf 88' lang='lat' dir='ltr'>in</span> <span class='ocrx_word' id='word_1_237' title='bbox 746 1727 860 1774; x_wconf 87' lang='lat' dir='ltr'>alias</span> <span class='ocrx_word' id='word_1_238' title='bbox 887 1729 934 1776; x_wconf 85' lang='lat'>&amp;</span> <span class='ocrx_word' id='word_1_239' title='bbox 955 1727 1071 1775; x_wconf 84' lang='lat' dir='ltr'>alias</span> <span class='ocrx_word' id='word_1_240' title='bbox 1100 1727 1286 1775; x_wconf 89' lang='lat' dir='ltr'>incidat</span> <span class='ocrx_word' id='word_1_241' title='bbox 1313 1729 1547 1776; x_wconf 82' lang='lat' dir='ltr'>cavitates</span> <span class='ocrx_word' id='word_1_242' title='bbox 1572 1760 1585 1779; x_wconf 87' lang='lat'><strong>‚</strong></span> <span class='ocrx_word' id='word_1_243' title='bbox 1619 1724 1646 1775; x_wconf 79' lang='grc' dir='ltr'>ὲ</span> <span class='ocrx_word' id='word_1_244' title='bbox 1680 1730 1788 1789; x_wconf 84' lang='lat' dir='ltr'>qui-</span> 
     </span>
    </p>

    <p class='ocr_par' dir='ltr' id='par_1_9' title="bbox 17 1785 1786 1973">
     <span class='ocr_line' id='line_1_32' title="bbox 17 1785 1786 1856; baseline -0.001 -17"><span class='ocrx_word' id='word_1_245' title='bbox 17 1790 119 1856; x_wconf 54' lang='lat' dir='ltr'>}bus</span> <span class='ocrx_word' id='word_1_246' title='bbox 144 1802 254 1838; x_wconf 87' lang='lat' dir='ltr'>orta</span> <span class='ocrx_word' id='word_1_247' title='bbox 276 1785 536 1839; x_wconf 76' lang='lat' dir='ltr'>succeffive</span> <span class='ocrx_word' id='word_1_248' title='bbox 566 1789 769 1838; x_wconf 85' lang='lat' dir='ltr'>reflexio</span> <span class='ocrx_word' id='word_1_249' title='bbox 796 1789 1016 1838; x_wconf 88' lang='lat' dir='ltr'>eundem</span> <span class='ocrx_word' id='word_1_250' title='bbox 1030 1790 1213 1839; x_wconf 90' lang='lat' dir='ltr'>sonum</span> <span class='ocrx_word' id='word_1_251' title='bbox 1226 1790 1510 1839; x_wconf 88' lang='lat' dir='ltr'>reverberat</span> <span class='ocrx_word' id='word_1_252' title='bbox 1537 1789 1702 1854; x_wconf 80' lang='lat' dir='ltr'>saepius</span> <span class='ocrx_word' id='word_1_253' title='bbox 1723 1790 1786 1839; x_wconf 89' lang='lat' dir='ltr'>ad</span> 
     </span>
     <span class='ocr_line' id='line_1_33' title="bbox 17 1849 1783 1917; baseline 0.002 -19"><span class='ocrx_word' id='word_1_254' title='bbox 17 1857 220 1905; x_wconf 68' lang='lat' dir='ltr'>laurei-n.</span> <span class='ocrx_word' id='word_1_255' title='bbox 285 1854 346 1900; x_wconf 87' lang='lat' dir='ltr'>Et</span> <span class='ocrx_word' id='word_1_256' title='bbox 368 1851 471 1900; x_wconf 91' lang='lat' dir='ltr'>hoc</span> <span class='ocrx_word' id='word_1_257' title='bbox 493 1850 561 1917; x_wconf 75' lang='lat' dir='ltr'>est</span> <span class='ocrx_word' id='word_1_258' title='bbox 580 1849 872 1916; x_wconf 80' lang='lat' dir='ltr'>mysterium</span> <span class='ocrx_word' id='word_1_259' title='bbox 893 1853 1033 1907; x_wconf 89' lang='lat' dir='ltr'>illud,</span> <span class='ocrx_word' id='word_1_260' title='bbox 1058 1853 1202 1916; x_wconf 88' lang='lat' dir='ltr'>quod</span> <span class='ocrx_word' id='word_1_261' title='bbox 1223 1852 1250 1901; x_wconf 73' lang='lat' dir='ltr'>a</span> <span class='ocrx_word' id='word_1_262' title='bbox 1264 1855 1460 1903; x_wconf 87' lang='lat' dir='ltr'>Natura</span> <span class='ocrx_word' id='word_1_263' title='bbox 1471 1854 1571 1903; x_wconf 86' lang='lat' dir='ltr'>Ars</span> <span class='ocrx_word' id='word_1_264' title='bbox 1593 1854 1783 1907; x_wconf 86' lang='lat' dir='ltr'>didicit,</span> 
     </span>
     <span class='ocr_line' id='line_1_34' title="bbox 20 1914 1786 1973; baseline -0.001 -6"><span class='ocrx_word' id='word_1_265' title='bbox 20 1914 417 1967; x_wconf 53' lang='lat' dir='ltr'>‘Naturae‘simiaz</span> <span class='ocrx_word' id='word_1_266' title='bbox 454 1915 572 1965; x_wconf 90' lang='lat' dir='ltr'>hinc</span> <span class='ocrx_word' id='word_1_267' title='bbox 590 1916 758 1966; x_wconf 76' lang='lat' dir='ltr'>videas</span> <span class='ocrx_word' id='word_1_268' title='bbox 783 1916 974 1965; x_wconf 59' lang='lat' dir='ltr'>erectos</span> <span class='ocrx_word' id='word_1_269' title='bbox 998 1918 1048 1965; x_wconf 90' lang='lat' dir='ltr'>in</span> <span class='ocrx_word' id='word_1_270' title='bbox 1070 1917 1291 1973; x_wconf 84' lang='lat' dir='ltr'>Ecclefijs</span> <span class='ocrx_word' id='word_1_271' title='bbox 1313 1916 1502 1966; x_wconf 90' lang='lat' dir='ltr'>choros</span> <span class='ocrx_word' id='word_1_272' title='bbox 1529 1950 1543 1971; x_wconf 83' lang='lat'>‚</span> <span class='ocrx_word' id='word_1_273' title='bbox 1579 1933 1644 1966; x_wconf 90' lang='lat' dir='ltr'>eo</span> <span class='ocrx_word' id='word_1_274' title='bbox 1675 1919 1786 1966; x_wconf 88' lang='lat' dir='ltr'>arti-</span> 
     </span>
    </p>

    <p class='ocr_par' dir='ltr' id='par_1_10' title="bbox 22 1966 1784 2174">
     <span class='ocr_line' id='line_1_35' title="bbox 28 1966 1783 2045; baseline 0.001 -16"><span class='ocrx_word' id='word_1_275' title='bbox 28 1979 149 2029; x_wconf 89' lang='lat' dir='ltr'>ficio</span> <span class='ocrx_word' id='word_1_276' title='bbox 174 2012 187 2033; x_wconf 83' lang='lat'>‚</span> <span class='ocrx_word' id='word_1_277' title='bbox 213 1990 268 2027; x_wconf 91' lang='lat' dir='ltr'>ut</span> <span class='ocrx_word' id='word_1_278' title='bbox 284 1990 378 2026; x_wconf 86' lang='lat' dir='ltr'>tres</span> <span class='ocrx_word' id='word_1_279' title='bbox 397 1993 627 2028; x_wconf 86' lang='lat' dir='ltr'>cantores</span> <span class='ocrx_word' id='word_1_280' title='bbox 649 1979 699 2028; x_wconf 88' lang='lat' dir='ltr'>id</span> <span class='ocrx_word' id='word_1_281' title='bbox 722 1980 881 2043; x_wconf 86' lang='lat' dir='ltr'>ipsum</span> <span class='ocrx_word' id='word_1_282' title='bbox 906 1966 1148 2044; x_wconf 72' lang='lat' dir='ltr'>praestent,</span> <span class='ocrx_word' id='word_1_283' title='bbox 1171 1980 1314 2043; x_wconf 89' lang='lat' dir='ltr'>quod</span> <span class='ocrx_word' id='word_1_284' title='bbox 1335 1992 1541 2029; x_wconf 89' lang='lat' dir='ltr'>centum</span> <span class='ocrx_word' id='word_1_285' title='bbox 1555 2013 1568 2034; x_wconf 84' lang='lat'>‚</span> <span class='ocrx_word' id='word_1_286' title='bbox 1590 1996 1783 2045; x_wconf 85' lang='lat' dir='ltr'>magno</span> 
     </span>
     <span class='ocr_line' id='line_1_36' title="bbox 22 2040 1783 2107; baseline 0.002 -17"><span class='ocrx_word' id='word_1_287' title='bbox 22 2043 343 2107; x_wconf 59' lang='lat' dir='ltr'>,psallentium</span> <span class='ocrx_word' id='word_1_288' title='bbox 367 2044 656 2091; x_wconf 87' lang='lat' dir='ltr'>commodo</span> <span class='ocrx_word' id='word_1_289' title='bbox 671 2076 683 2097; x_wconf 82' lang='lat'><em>‚</em></span> <span class='ocrx_word' id='word_1_290' title='bbox 718 2043 899 2101; x_wconf 86' lang='lat' dir='ltr'>majori</span> <span class='ocrx_word' id='word_1_291' title='bbox 922 2042 1263 2091; x_wconf 81' lang='lat' dir='ltr'>aedificationis</span> <span class='ocrx_word' id='word_1_292' title='bbox 1279 2040 1620 2092; x_wconf 77' lang='lat' dir='ltr'>Ecclesiasticae</span> <span class='ocrx_word' id='word_1_293' title='bbox 1641 2060 1783 2094; x_wconf 87' lang='lat' dir='ltr'>emo-</span> 
     </span>
     <span class='ocr_line' id='line_1_37' title="bbox 29 2103 1784 2174; baseline 0.003 -21"><span class='ocrx_word' id='word_1_294' title='bbox 29 2111 281 2158; x_wconf 70' lang='lat' dir='ltr'>lumento,</span> <span class='ocrx_word' id='word_1_295' title='bbox 347 2103 533 2153; x_wconf 89' lang='lat' dir='ltr'>Videas</span> <span class='ocrx_word' id='word_1_296' title='bbox 559 2107 850 2169; x_wconf 86' lang='lat' dir='ltr'>Principum</span> <span class='ocrx_word' id='word_1_297' title='bbox 876 2107 1010 2155; x_wconf 85' lang='lat' dir='ltr'>aulas</span> <span class='ocrx_word' id='word_1_298' title='bbox 1037 2108 1102 2154; x_wconf 88' lang='lat' dir='ltr'>ita</span> <span class='ocrx_word' id='word_1_299' title='bbox 1129 2105 1378 2171; x_wconf 69' lang='lat' dir='ltr'>dispositas</span> <span class='ocrx_word' id='word_1_300' title='bbox 1402 2139 1414 2160; x_wconf 90' lang='lat'>,</span> <span class='ocrx_word' id='word_1_301' title='bbox 1451 2119 1507 2156; x_wconf 88' lang='lat' dir='ltr'>ut</span> <span class='ocrx_word' id='word_1_302' title='bbox 1530 2110 1680 2156; x_wconf 87' lang='lat' dir='ltr'>etiam</span> <span class='ocrx_word' id='word_1_303' title='bbox 1702 2125 1784 2174; x_wconf 83' lang='lat' dir='ltr'>pa-</span> 
     </span>
    </p>

    <p class='ocr_par' dir='ltr' id='par_1_11' title="bbox 23 2165 2025 2666">
     <span class='ocr_line' id='line_1_38' title="bbox 29 2165 1786 2232; baseline 0 -12"><span class='ocrx_word' id='word_1_304' title='bbox 29 2173 173 2223; x_wconf 76' lang='lat' dir='ltr'>rietes</span> <span class='ocrx_word' id='word_1_305' title='bbox 195 2168 287 2216; x_wconf 87' lang='lat' dir='ltr'>fint</span> <span class='ocrx_word' id='word_1_306' title='bbox 309 2169 474 2215; x_wconf 82' lang='lat' dir='ltr'>auritae</span> <span class='ocrx_word' id='word_1_307' title='bbox 496 2186 508 2219; x_wconf 83' lang='lat'><em>3</em></span> <span class='ocrx_word' id='word_1_308' title='bbox 544 2184 663 2216; x_wconf 86' lang='lat' dir='ltr'>nam</span> <span class='ocrx_word' id='word_1_309' title='bbox 685 2169 804 2217; x_wconf 89' lang='lat' dir='ltr'>nihil</span> <span class='ocrx_word' id='word_1_310' title='bbox 833 2169 1005 2218; x_wconf 85' lang='lat' dir='ltr'>dixeris</span> <span class='ocrx_word' id='word_1_311' title='bbox 1035 2180 1141 2218; x_wconf 87' lang='lat' dir='ltr'>tam</span> <span class='ocrx_word' id='word_1_312' title='bbox 1166 2165 1397 2224; x_wconf 76' lang='lat' dir='ltr'>demisse,</span> <span class='ocrx_word' id='word_1_313' title='bbox 1414 2171 1557 2232; x_wconf 86' lang='lat' dir='ltr'>quod</span> <span class='ocrx_word' id='word_1_314' title='bbox 1580 2171 1786 2221; x_wconf 75' lang='lat' dir='ltr'>altiiisin</span> 
     </span>
     <span class='ocr_line' id='line_1_39' title="bbox 23 2229 1889 2299; baseline 0.002 -18"><span class='ocrx_word' id='word_1_315' title='bbox 23 2232 261 2294; x_wconf 75' lang='lat' dir='ltr'>¹conclavi</span> <span class='ocrx_word' id='word_1_316' title='bbox 285 2247 394 2280; x_wconf 92' lang='lat' dir='ltr'>non</span> <span class='ocrx_word' id='word_1_317' title='bbox 413 2233 647 2296; x_wconf 86' lang='lat' dir='ltr'>percipiat</span> <span class='ocrx_word' id='word_1_318' title='bbox 665 2233 910 2298; x_wconf 88' lang='lat' dir='ltr'>Princeps.</span> <span class='ocrx_word' id='word_1_319' title='bbox 972 2233 1157 2285; x_wconf 86' lang='lat' dir='ltr'>Videas</span> <span class='ocrx_word' id='word_1_320' title='bbox 1178 2229 1410 2282; x_wconf 85' lang='lat' dir='ltr'>acusticas</span> <span class='ocrx_word' id='word_1_321' title='bbox 1423 2233 1656 2290; x_wconf 86' lang='lat' dir='ltr'>fabricas,</span> <span class='ocrx_word' id='word_1_322' title='bbox 1680 2251 1788 2299; x_wconf 78' lang='lat' dir='ltr'>quae</span> <span class='ocrx_word' id='word_1_323' title='bbox 1881 2283 1889 2293; x_wconf 84' lang='grc'><em>,</em></span> 
     </span>
     <span class='ocr_line' id='line_1_40' title="bbox 68 2281 1978 2362; baseline 0.001 -16"><span class='ocrx_word' id='word_1_324' title='bbox 68 2298 307 2347; x_wconf 88' lang='lat' dir='ltr'>ominum</span> <span class='ocrx_word' id='word_1_325' title='bbox 335 2292 484 2343; x_wconf 82' lang='lat' dir='ltr'>instar</span> <span class='ocrx_word' id='word_1_326' title='bbox 503 2295 812 2356; x_wconf 88' lang='lat' dir='ltr'>loquantur:</span> <span class='ocrx_word' id='word_1_327' title='bbox 847 2296 1027 2346; x_wconf 87' lang='lat' dir='ltr'>Tubos</span> <span class='ocrx_word' id='word_1_328' title='bbox 1064 2296 1244 2360; x_wconf 90' lang='lat' dir='ltr'>quibus</span> <span class='ocrx_word' id='word_1_329' title='bbox 1281 2296 1346 2345; x_wconf 88' lang='lat' dir='ltr'>ad</span> <span class='ocrx_word' id='word_1_330' title='bbox 1381 2298 1609 2347; x_wconf 84' lang='lat' dir='ltr'>milliaria</span> <span class='ocrx_word' id='word_1_331' title='bbox 1645 2301 1786 2362; x_wconf 87' lang='lat' dir='ltr'>quin·</span> <span class='ocrx_word' id='word_1_332' title='bbox 1819 2281 1978 2338; x_wconf 66' lang='lat' dir='ltr'><em>KWCh·</em></span> 
     </span>
     <span class='ocr_line' id='line_1_41' title="bbox 23 2346 2025 2426; baseline -0.001 -16"><span class='ocrx_word' id='word_1_333' title='bbox 23 2374 42 2417; x_wconf 68' lang='lat' dir='ltr'><em>f</em></span> <span class='ocrx_word' id='word_1_334' title='bbox 68 2377 131 2410; x_wconf 88' lang='lat' dir='ltr'>ue</span> <span class='ocrx_word' id='word_1_335' title='bbox 159 2359 328 2409; x_wconf 86' lang='lat' dir='ltr'>Italica</span> <span class='ocrx_word' id='word_1_336' title='bbox 370 2362 420 2409; x_wconf 69' lang='grc' dir='ltr'>ὃς</span> <span class='ocrx_word' id='word_1_337' title='bbox 450 2358 717 2420; x_wconf 89' lang='lat' dir='ltr'>alloquaris</span> <span class='ocrx_word' id='word_1_338' title='bbox 751 2358 969 2411; x_wconf 82' lang='lat' dir='ltr'>absentes</span> <span class='ocrx_word' id='word_1_339' title='bbox 994 2393 1007 2414; x_wconf 85' lang='lat'>‚</span> <span class='ocrx_word' id='word_1_340' title='bbox 1055 2363 1106 2410; x_wconf 72' lang='grc' dir='ltr'>ὃς</span> <span class='ocrx_word' id='word_1_341' title='bbox 1139 2359 1416 2409; x_wconf 82' lang='lat' dir='ltr'>absentium</span> <span class='ocrx_word' id='word_1_342' title='bbox 1455 2362 1682 2426; x_wconf 84' lang='lat' dir='ltr'>responsa</span> <span class='ocrx_word' id='word_1_343' title='bbox 1714 2363 1784 2409; x_wconf 91' lang='lat' dir='ltr'>in·</span> <span class='ocrx_word' id='word_1_344' title='bbox 1817 2346 2025 2407; x_wconf 72' lang='lat' dir='ltr'>l01·Ph⁰²³²</span> 
     </span>
     <span class='ocr_line' id='line_1_42' title="bbox 27 2413 2014 2490; baseline -0.001 -16"><span class='ocrx_word' id='word_1_345' title='bbox 27 2442 31 2466; x_wconf 73' lang='grc'>’-</span> <span class='ocrx_word' id='word_1_346' title='bbox 54 2425 217 2488; x_wconf 84' lang='lat' dir='ltr'>elligas</span> <span class='ocrx_word' id='word_1_347' title='bbox 236 2456 249 2477; x_wconf 84' lang='lat'>‚</span> <span class='ocrx_word' id='word_1_348' title='bbox 286 2434 341 2470; x_wconf 89' lang='lat' dir='ltr'>ut</span> <span class='ocrx_word' id='word_1_349' title='bbox 367 2434 541 2471; x_wconf 86' lang='lat' dir='ltr'>tamen</span> <span class='ocrx_word' id='word_1_350' title='bbox 568 2419 745 2471; x_wconf 81' lang='lat' dir='ltr'>stantes</span> <span class='ocrx_word' id='word_1_351' title='bbox 764 2424 816 2470; x_wconf 89' lang='lat' dir='ltr'>in</span> <span class='ocrx_word' id='word_1_352' title='bbox 836 2423 1139 2472; x_wconf 90' lang='lat' dir='ltr'>intermedio</span> <span class='ocrx_word' id='word_1_353' title='bbox 1168 2423 1334 2474; x_wconf 88' lang='lat' dir='ltr'>arbitri</span> <span class='ocrx_word' id='word_1_354' title='bbox 1354 2423 1477 2472; x_wconf 88' lang='lat' dir='ltr'>nihil</span> <span class='ocrx_word' id='word_1_355' title='bbox 1497 2426 1784 2490; x_wconf 77' lang='lat' dir='ltr'>percipiant.</span> <span class='ocrx_word' id='word_1_356' title='bbox 1816 2413 2014 2460; x_wconf 64' lang='lat' dir='ltr'><em>C0r⁷²aem⁰</em></span> 
     </span>
     <span class='ocr_line' id='line_1_43' title="bbox 23 2484 1784 2552; baseline -0.002 -14"><span class='ocrx_word' id='word_1_357' title='bbox 23 2486 377 2538; x_wconf 69' lang='lat' dir='ltr'>J&#39;Intenfionem</span> <span class='ocrx_word' id='word_1_358' title='bbox 401 2484 681 2534; x_wconf 83' lang='lat' dir='ltr'>echonismi·</span> <span class='ocrx_word' id='word_1_359' title='bbox 698 2486 842 2548; x_wconf 89' lang='lat' dir='ltr'>quod</span> <span class='ocrx_word' id='word_1_360' title='bbox 860 2489 1033 2536; x_wconf 87' lang='lat' dir='ltr'>attinet</span> <span class='ocrx_word' id='word_1_361' title='bbox 1054 2520 1068 2541; x_wconf 87' lang='lat'>‚</span> <span class='ocrx_word' id='word_1_362' title='bbox 1103 2487 1318 2536; x_wconf 86' lang='lat' dir='ltr'>eandem</span> <span class='ocrx_word' id='word_1_363' title='bbox 1354 2503 1450 2552; x_wconf 85' lang='lat' dir='ltr'>pro</span> <span class='ocrx_word' id='word_1_364' title='bbox 1480 2487 1616 2536; x_wconf 84' lang='lat' dir='ltr'>causa</span> <span class='ocrx_word' id='word_1_365' title='bbox 1647 2486 1784 2535; x_wconf 90' lang='lat' dir='ltr'>refle-</span> 
     </span>
     <span class='ocr_line' id='line_1_44' title="bbox 32 2548 1783 2666; baseline -0.001 -65"><span class='ocrx_word' id='word_1_366' title='bbox 32 2549 241 2604; x_wconf 70' lang='lat' dir='ltr'>xionem</span> <span class='ocrx_word' id='word_1_367' title='bbox 259 2551 313 2601; x_wconf 77' lang='lat' dir='ltr'>in</span> <span class='ocrx_word' id='word_1_368' title='bbox 338 2548 460 2601; x_wconf 88' lang='lat' dir='ltr'>tuba</span> <span class='ocrx_word' id='word_1_369' title='bbox 478 2550 798 2603; x_wconf 82' lang='lat' dir='ltr'>Morlandica</span> <span class='ocrx_word' id='word_1_370' title='bbox 819 2548 1078 2666; x_wconf 65' lang='lat' dir='ltr'>alloegaras:</span> <span class='ocrx_word' id='word_1_371' title='bbox 1115 2566 1209 2604; x_wconf 84' lang='lat' dir='ltr'>nec</span> <span class='ocrx_word' id='word_1_372' title='bbox 1231 2567 1329 2618; x_wconf 84' lang='lat' dir='ltr'>ego</span> <span class='ocrx_word' id='word_1_373' title='bbox 1355 2550 1582 2603; x_wconf 84' lang='lat' dir='ltr'>diffentio</span> <span class='ocrx_word' id='word_1_374' title='bbox 1597 2549 1685 2663; x_wconf 44' lang='lat' dir='ltr'>{lid</span> <span class='ocrx_word' id='word_1_375' title='bbox 1707 2549 1783 2600; x_wconf 83' lang='lat' dir='ltr'>so-</span> 
     </span>
    </p>

    <p class='ocr_par' dir='ltr' id='par_1_12' title="bbox 23 2627 1722 2674">
     <span class='ocr_line' id='line_1_45' title="bbox 23 2627 1722 2674; baseline 0 -11"><span class='ocrx_word' id='word_1_376' title='bbox 23 2630 25 2635; x_wconf 91' lang='lat'>·</span> <span class='ocrx_word' id='word_1_377' title='bbox 941 2627 965 2674; x_wconf 77' lang='lat'>3</span> <span class='ocrx_word' id='word_1_378' title='bbox 1632 2627 1722 2664; x_wconf 83' lang='lat' dir='ltr'>um</span> 
     </span>
    </p>
   </div>
  </div>
 </body>
</html>
