2175 2911
386 118 406 151 1
418 106 476 152 28
957 95 1141 160 Virgulae
1167 97 1387 158 Mor-phei.

315 198 539 262 synciput
558 229 572 251 ,
607 194 870 245 memoriae
899 197 1104 260 occiput
1131 212 1142 243 :
1179 210 1242 243 an
1263 193 1394 244 bene
1418 226 1432 248 ,
1467 190 1683 243 viderint
1709 192 2058 246 Anatomistae.

311 260 411 310 Sed
441 262 782 324 relinquamus
802 260 989 308 incerta
1013 291 1027 312 ,
1061 258 1126 310 ad
1154 259 1367 306 certiora
1390 290 1403 312 ,
1440 256 1574 306 unde
1593 273 1684 326 per
1707 258 1943 326 ambages
1960 260 2063 312 sen-

312 323 401 373 sim
424 323 592 373 sumus
616 322 823 390 delapsi,
853 322 953 381 jam
978 334 1300 371 revertamur.
2024 334 2032 342 ·

469 387 668 439 LEUC:
735 389 870 438 Bene
892 400 1089 438 mones,
1112 400 1230 434 nam
1253 399 1309 431 ex
1335 380 1471 430 dic‘lis
1492 384 1703 447 apertius
1724 385 1971 440 iamlucet
1991 385 2064 435 lu-

311 467 450 506 men,
473 449 618 514 quod
640 449 867 499 accendit
892 447 1248 513 Philosophus,
1273 446 1395 494 dum
1416 444 1655 495 somnum
1668 448 1811 496 dixit:
1841 448 2066 509 paffionem

303 515 446 574 sensas
465 517 706 564 communis.
773 511 873 562 Sed
894 511 1036 574 quod
1063 511 1323 560 discrimen
1344 510 1444 565 jam
1466 509 1603 557 dabit
1633 510 1912 576 deliquium
1935 513 2066 560 inter

314 581 365 629 ὃ(
392 579 663 628 somnum?
729 578 886 623 MEL:
953 575 1066 630 Ejus
1085 571 1207 624 loco
1233 573 1282 622 id
1299 571 1501 636 assignat
1523 588 1824 625 arcanorum
1850 572 2068 640 >peritiffi-

69 646 210 712 Qaest.
223 663 282 710 49
312 658 425 693 mus
445 642 624 693 arbiter
641 673 654 696 ,
675 655 732 688 ac
753 641 987 703 interpres
1014 640 1221 687 &laurus
1236 670 1249 690 ,
1276 636 1395 684 cum
1410 633 1436 685 e
1450 634 1741 702 Philosophi
1754 650 1922 701 mente
1936 637 2068 688 som-

310 722 438 759 num
464 705 609 759 dicit,
644 704 826 763 ligamen
838 701 972 759 fenffis
997 734 1010 755 ,
1046 701 1128 749 sed
1152 698 1215 748 eo
1239 698 1338 749 fine
1358 732 1372 753 ,
1403 711 1452 744 nt
1473 700 1647 761 spiritus
1674 711 1927 760 reparentur
1947 718 1961 746 .·
1996 699 2066 752 id,

310 768 456 832 quod
475 768 700 832 deliquio
726 766 880 832 aptari
899 766 1087 829 nequit.
1157 763 1425 826 Contingit
1445 764 1591 827 igitur
1613 762 1836 816 somnus,
1858 762 2070 825 quando

310 834 488 896 ligatur
510 831 668 880 sensus
689 831 923 882 interior,
945 827 1150 894 quando
1182 826 1370 891 spiritus
1390 827 1725 876 internuntios
1766 826 1984 879 inhibet,
2005 840 2071 874 ne

311 899 417 947 vim
449 894 726 949 sensitivam
757 888 1060 946 ministrent,
1081 890 1288 954 quando
1319 891 1529 938 externis
1553 889 1766 940 sensibus
1795 889 1970 941 indicit
2000 888 2073 937 fe-

309 961 403 1008 rias
420 991 432 1012 ,
454 957 736 1022 reparandis
761 955 1001 1021 spiritibus
1018 965 1345 1021 opportunas.
1415 954 1579 1015 Ligari
1602 965 1776 1001 autem
1805 952 1966 1003 sensus
1996 951 2070 1000 so-

312 1023 380 1071 let
400 1023 613 1074 interior
635 1055 647 1071 ‚
672 1019 699 1068 a
719 1034 969 1083 vaporum
997 1017 1369 1065 ascendentium
1388 1015 1608 1067 nebulis,
1632 1017 1717 1076 qui
1740 1014 1865 1063 dum
1883 1015 2074 1077 frigore

313 1084 504 1132 cerebri
534 1082 904 1130 condensantur
923 1112 936 1133 ,
967 1093 1245 1126 nervorum
1277 1092 1395 1129 ora,
1418 1091 1475 1123 ae
1505 1088 1701 1123 meatus
1733 1075 1952 1140 singulos
1981 1076 2073 1125 ob-

315 1143 534 1195 struunt,
559 1156 709 1205 atque
745 1140 875 1190 adeo
904 1143 1040 1191 viam
1068 1139 1307 1203 spiritibus
1331 1172 1343 1187 ‚
1375 1137 1438 1185 ad
1466 1153 1655 1201 organa
1683 1139 1913 1187 sensuum
1948 1139 2073 1187 deri-

316 1208 488 1257 vandis
503 1239 515 1259 ,
536 1205 816 1254 occludunt
830 1237 844 1257 ,
866 1203 1045 1266 quibus
1066 1204 1216 1271 proin
1241 1197 1456 1253 destituti
1477 1201 1636 1254 sensus
1663 1204 1849 1253 externi
1871 1235 1884 1257 ,
1905 1200 1934 1252 ὲ
1959 1202 2075 1256 ,fun-

316 1269 567 1320 &ionibus
593 1265 862 1316 neceffario
883 1267 1137 1318 feriantur,

477 1332 675 1386 LEUC:
711 1332 826 1382 Nec
852 1328 1163 1392 Morpheus,
1197 1328 1685 1393 credo‚depingcret
1697 1329 1954 1380 coloribus
1972 1330 2074 1387 aliis

318 1397 504 1447 Somni
527 1406 787 1448 naturam,
813 1395 866 1442 ὅς
886 1392 1132 1443 indolem.
1199 1390 1296 1439 Sed
1318 1405 1428 1452 quae
1453 1393 1592 1440 caula
1616 1392 1775 1442 subest
1802 1427 1816 1448 ,
1846 1409 1935 1442 cur
1963 1408 2074 1442 non

321 1460 444 1508 nulli
466 1452 652 1507 somno
674 1468 875 1504 utantur
894 1467 1000 1502 tam
1021 1454 1157 1501 tenui
1182 1485 1195 1507 ,
1231 1465 1285 1500 ut
1315 1454 1624 1504 dormientes
1654 1458 1807 1507 veluti
1836 1457 2072 1520 vigilent:

322 1523 422 1579 alijs
448 1518 571 1573 vero
595 1519 652 1568 fit
676 1516 807 1567 adeo
826 1517 995 1570 fortis,
1021 1528 1074 1565 ut
1093 1531 1187 1564 nec
1209 1516 1442 1580 Capitolii
1466 1519 1654 1567 anseres
1669 1552 1681 1574 ,
1705 1535 1798 1569 nec
1816 1522 1915 1585 ipse
1931 1521 2075 1569 Sten-

324 1598 405 1632 tor
426 1581 570 1632 facile
600 1597 687 1634 cos
709 1582 772 1630 ad
784 1579 1013 1630 officium
1031 1591 1239 1628 revocet
1265 1596 1275 1626 ε
1313 1580 1557 1642 aliquibus
1580 1582 1796 1646 denique
1815 1582 1946 1633 adeo
1961 1598 2078 1648 pro-

321 1647 508 1699 fundus
525 1649 578 1696 δε
607 1649 828 1711 pertinax
851 1677 863 1698 ‚
901 1656 955 1692 ut
979 1658 1072 1691 nec
1083 1642 1343 1710 Salmonei
1374 1658 1543 1693 currus
1558 1677 1572 1699 ,
1602 1660 1770 1707 neque
1788 1647 1968 1696 aemula
1986 1647 2077 1702 Jo-

320 1712 369 1758 vi
397 1711 618 1759 tonitrua
649 1708 849 1757 turbare
879 1708 1103 1770 quietem
1122 1705 1320 1770 possmt.
1404 1708 1561 1756 MEL:
1630 1709 1714 1757 Uti
1735 1708 1955 1771 ligamen
1971 1709 2075 1756 sen-

320 1773 466 1821 suum
489 1769 560 1821 cst
581 1768 701 1834 saepe
726 1770 976 1821 diversum
998 1802 1012 1823 ,
1044 1770 1110 1817 ita
1139 1771 1189 1818 δε
1214 1767 1430 1819 diversus
1456 1765 1577 1836 saepe
1598 1767 1667 1818 est
1687 1771 1910 1819 somnus.
1981 1771 2077 1822 Fac

322 1838 458 1884 enim
479 1834 718 1885 remilliiis
741 1835 954 1898 ligentur
975 1831 1130 1881 sensus
1156 1864 1169 1886 ,
1205 1844 1258 1880 ut
1290 1831 1475 1895 spiritus
1505 1833 1654 1896 aliqui
1682 1833 1747 1882 ,ad
1770 1849 1857 1882 eos
1881 1848 2076 1898 perme-

320 1912 407 1947 ent
428 1932 441 1953 ,
477 1911 588 1947 utut
626 1899 690 1948 ad
714 1898 922 1961 plenum
947 1896 1090 1944 usum
1122 1911 1229 1943 non
1250 1894 1356 1944 satis
1383 1895 1587 1950 idonei,
1622 1896 1827 1945 somnus
1854 1898 1970 1952 erit,
1991 1896 2076 1948 sed

321 1962 637 2025 imperfers
658 1980 669 2009 :
707 1961 947 2011 dormies,
966 1958 1047 2007 sed
1060 1959 1198 2008 velut
1216 1960 1374 2007 oculis
1396 1975 1514 2007 cum
1526 1961 1704 2012 Leone
1719 1961 1923 2025 apertis;
1951 1975 2076 2010 nam

323 2025 632 2073 dormiendo
655 2024 822 2073 audies
842 2056 854 2077 ,
879 2018 1116 2086 loqueris,
1138 2024 1187 2071 ἃ
1207 2022 1501 2070 ambulabis.
1571 2024 1662 2071 Fac
1679 2035 1852 2074 autem
1865 2023 2073 2073 vinculo

323 2088 462 2151 ligari
482 2088 638 2136 sensus
661 2101 762 2134 tam
786 2087 923 2134 arelo
945 2120 958 2141 ,
995 2098 1049 2134 ut
1069 2085 1190 2133 nulli
1212 2083 1399 2148 spiritus
1421 2098 1705 2149 penetrent,
1728 2088 1919 2136 virtutis
1938 2084 2076 2135 senfi-

326 2153 437 2198 tivae
467 2147 700 2202 ministri,
738 2149 935 2197 somnus
964 2150 1053 2197 erit
1080 2147 1355 2212 perfectus:
1394 2146 1538 2210 quod
1557 2148 1591 2197 si
1612 2161 1806 2198 meatus
1829 2149 1857 2198 a
1877 2147 2073 2198 viscosis

328 2229 578 2277 vaporum
600 2213 792 2261 nebulis
814 2212 876 2261 lic
900 2210 1220 2262 obstruantur
1236 2245 1248 2267 ,
1271 2225 1325 2261 ut
1345 2211 1540 2261 diss'olvi
1558 2211 1772 2278 amplius
1800 2224 2071 2278 nequeant,

325 2279 517 2324 orietur
542 2275 832 2337 LetharguS.

489 2340 685 2390 LEUC:
724 2341 784 2387 Et
812 2338 916 2386 haec
948 2337 1044 2402 ipsa
1069 2370 1083 2391 ,
1122 2334 1175 2386 ni
1203 2337 1352 2387 fallor
1374 2371 1388 2393 ,
1429 2337 1679 2388 declarare
1705 2341 1833 2387 ratio
1857 2339 2043 2403 poterit
2060 2371 2073 2392 ,

329 2417 419 2451 cur
439 2403 684 2467 plerisque
712 2401 887 2466 sponte
912 2434 923 2453 ,
960 2401 1058 2457 aliis
1083 2400 1281 2449 nonnili
1304 2401 1534 2450 clamosis
1569 2404 1772 2452 orientis
1791 2401 2072 2466 Phosphori

332 2467 513 2522 nuntiis
534 2465 749 2515 solvatur
769 2463 989 2513 somnus.
1059 2463 1227 2514 Sed&
1252 2464 1370 2513 scire
1387 2480 1713 2529 percuperem
1745 2499 1760 2519 ,
1795 2463 2072 2526 quomodo

327 2527 434 2578 haec
455 2527 551 2595 ipsa
571 2527 654 2578 fiat
674 2527 773 2578 five
790 2526 1059 2594 spontanea
1073 2560 1085 2583 ,
1101 2526 1200 2578 five
1215 2529 1435 2580 violenta
1451 2529 1616 2578 somni
1637 2527 1876 2577 discuffio.
1911 2527 2067 2573 MEL:

1947 2589 2006 2639 In
