2175 2911
204 1122 234 1156 a

107 1173 293 1227 Ηοηιξ)ἃ

107 1237 153 1281 in
163 1235 260 1280 hex.

105 1295 308 1408 P.Akl)ier.

103 1421 200 1477 hist.
222 1432 310 1467 nat.

432 137 451 168 ι
462 121 521 180 36
961 115 1210 169 Academia
1237 119 1487 166 Brutorum.

358 227 507 266 cum,
527 207 662 260 hunc
696 214 905 274 poenam
939 224 1033 274 pro
1059 212 1184 268 vitijs
1205 244 1218 265 ,
1252 210 1373 258 illud
1400 224 1494 274 pro
1522 206 1786 259 virtutibus
1807 211 2101 274 proemium.

359 277 469 327 Cur
495 273 716 325 dubitas?
755 275 928 328 Bruta,
950 287 1058 336 quae
1080 272 1340 339 apotheosi
1362 274 1462 329 jam
1485 270 1747 325 decorasti,
1772 273 2003 337 Olympo
2025 288 2102 322 ex·
2174 302 2175 310 κ

359 340 564 389 cludere
586 337 687 386 sine
714 338 886 393 injuria
906 339 1102 400 nequis:
1141 333 1291 386 Ecce!
1329 351 1561 398 quaenam
1588 338 1639 383 in
1664 337 1772 384 avia
1804 348 1889 384 tua
1920 349 1967 382 te
1994 335 2104 384 Phi·
2174 347 2175 357 ³

361 402 590 468 losophia
612 400 841 449 deducat.
941 401 1053 450 Sive
1078 401 1192 448 vitia
1214 399 1417 456 probet,
1435 398 1533 447 five
1556 403 1776 451 virtutes,
1797 399 2105 447 calumniam
2174 406 2175 462 j

361 466 538 520 infert,
564 481 650 530 per
666 464 746 513 illa
764 465 947 518 Brutis,
972 479 1055 528 pei·
1080 463 1162 512 has
1187 462 1495 511 hominibus.
1573 462 1822 512 Umbram
1843 464 1991 524 igitur
2013 464 2103 510 vir·
2174 487 2175 490 =

361 532 504 583 tutis,
527 533 577 579 &
600 528 699 582 vitii
717 560 729 580 ,
752 527 850 576 live
879 529 1134 576 motiones
1166 526 1401 588 quasdam
1432 525 1459 574 a
1488 527 1682 574 Natura
1710 527 1976 588 ingenitas,
1997 527 2102 587 qui-

361 593 454 641 bus
482 593 660 658 species
679 587 906 640 stabiliter
927 590 1242 656 respondent,
1257 587 1405 636 ineffe
1428 589 1587 637 Brutis
1607 589 1878 636 dicendum
1902 585 1997 639 est3
2029 601 2098 638 ut-

359 670 510 720 pote,
533 655 653 704 cum
672 671 790 706 vera
811 656 977 704 virtus,
999 658 1048 704 <Sc
1073 656 1245 702 vitium
1270 653 1321 708 ijs
1345 651 1678 701 solummodo
1702 653 1975 701 convenire
1997 651 2104 717 pos-

358 719 441 775 sit,
462 722 547 783 qui
567 719 788 770 delectu,
821 713 1011 780 suoque
1035 717 1238 765 arbitrio
1266 729 1554 780 operantur.

486 786 641 830 MEL:
710 782 902 831 Falleris
928 815 940 835 ,
989 781 1019 829 {i
1043 796 1209 829 nicam
1230 779 1359 828 hanc
1385 778 1479 827 ess'e
1502 778 1670 827 afferas
1691 778 2068 843 Philosophiam
2091 798 2103 829 :

359 847 468 895 sum
486 847 722 910 interpres
738 879 750 899 ,
786 860 894 893 non
919 844 1142 898 Author,
1165 857 1219 892 ut
1240 857 1293 890 tu
1314 843 1369 890 (is
1396 840 1653 905 Magister,
1693 858 1788 905 ego
1805 844 2100 907 Discipulus.

359 911 477 958 Scio
490 911 726 958 virtutem
744 909 897 956 brutis
909 908 1122 956 tribuere
1144 907 1263 955 sanae
1281 909 1461 954 mentis
1472 922 1579 954 non
1600 905 1693 953 effe
1707 937 1720 959 ,
1756 909 1871 968 quia
1885 918 2108 970 patenter

359 973 537 1021 falsum
560 992 570 1020 :
608 972 688 1020 sed
712 975 760 1021 <Sc
779 972 879 1019 scio
903 1004 916 1023 ,
954 969 1098 1032 quod
1121 970 1225 1016 haze
1246 970 1420 1016 onmia
1449 973 1500 1016 in
1523 984 1712 1016 caecum
1733 981 1917 1017 naturae
1941 966 2107 1031 instin-

360 1035 499 1084 &um
521 1035 785 1083 refundere
811 1066 823 1086 ,
876 1048 985 1079 non
1007 1032 1231 1078 videatur
1258 1032 1350 1077 effe
1371 1030 1660 1092 Philosophi
1684 1062 1696 1082 ,
1733 1033 1847 1091 quia
1883 1044 2107 1095 patenter

363 1098 573 1147 durum:
609 1111 699 1159 age
721 1097 879 1144 enim,
918 1092 1177 1155 Chrysippi
1192 1107 1369 1138 canem
1393 1090 1652 1138 confidera
1672 1123 1685 1144 ,
1722 1094 1772 1140 ὃς
1801 1093 2015 1147 videbis,
2051 1095 2107 1145 {it

363 1159 709 1224 persequendo
732 1157 890 1204 feram
913 1154 975 1203 ad
989 1157 1190 1202 trivium
1210 1152 1398 1201 delatus
1419 1186 1431 1205 ,
1469 1154 1731 1216 exploratis
1751 1154 1969 1204 odoratu
1990 1157 2106 1206 dua-

359 1226 451 1272 bus
474 1224 671 1274 semitis,
692 1235 814 1267 mox
835 1219 1031 1266 tertiam
1050 1216 1106 1265 sit
1123 1215 1479 1279 ingressus‚hoc
1501 1216 1736 1278 equidem
1751 1250 1765 1271 ‚
1801 1234 1828 1266 a
1855 1217 1888 1266 si
1908 1220 2104 1270 DB-afi.

360 1288 432 1335 lio
451 1285 723 1335 credimus,
747 1281 958 1331 discursu
978 1280 1278 1344 syliogiltico
1303 1280 1659 1328 determinatus
1685 1297 1695 1327 ;
1735 1279 1836 1339 fera
1860 1298 1985 1344 quam
2005 1296 2105 1344 per-

351 1350 504 1412 sequor
519 1384 531 1400 ‚
569 1360 644 1394 aut
662 1349 738 1393 hac
750 1379 764 1400 ,
800 1359 876 1392 atat
887 1347 982 1394 ilia,
1005 1358 1082 1390 aut
1100 1343 1176 1396 ista
1191 1346 1377 1389 divertit
1394 1356 1523 1403 parte
1537 1361 1550 1387 .·
1564 1346 1686 1406 atqui
1703 1360 1782 1389 non
1792 1345 1884 1396 hac,
1900 1362 1981 1392 non
1998 1350 2105 1396 item

361 1415 433 1460 illa
455 1410 599 1468 (cum
618 1410 817 1460 nullum
831 1409 1048 1472 fugitivae
1071 1404 1332 1470 vestigium
1355 1404 1761 1470 deprehendam)
1782 1406 1910 1461 restat
1921 1409 2034 1469 ergc‘J,
2055 1413 2107 1460 il-

361 1477 447 1523 lam
466 1473 542 1527 zstd
560 1468 701 1532 abiiffe
719 1471 812 1518 vid.
851 1470 881 1519 b
918 1472 1068 1519 Indiae
1081 1472 1257 1519 Simias
1275 1469 1505 1518 attentius
1528 1471 1891 1534 contemplare,
1913 1475 1962 1523 &
1977 1474 2112 1524 vide„
2172 1490 2175 1525 ς

361 1539 452 1592 bis,
475 1552 593 1586 cum
615 1535 831 1586 barbaris
851 1550 942 1600 pro
965 1535 1182 1598 pecunijs
1203 1533 1391 1587 ludere,
1405 1535 1454 1582 in
1472 1533 1579 1581 lusu
1598 1533 1809 1582 viCtores
1834 1535 1946 1584 suos
1958 1539 2107 1589 civili-

361 1614 461 1651 tate
485 1596 696 1649 minime
719 1597 925 1648 barbara
954 1597 1014 1645 ad
1034 1599 1390 1662 Oenopolium
1421 1599 1654 1652 invitare,
1682 1593 1844 1660 iisque
1872 1599 1935 1648 de
1962 1615 2107 1664 patto

312 1708 325 1720 ,
361 1666 505 1714 lucro
526 1675 707 1727 potum
729 1662 994 1711 liberaliter
1014 1662 1227 1710 solvere:
1267 1664 1316 1710 ὅς
1335 1662 1442 1722 quis
1457 1656 1543 1707 ista
1562 1676 1648 1724 per
1659 1660 1792 1709 solos
1812 1675 1997 1712 naturae
2017 1667 2107 1714 im-

243 1737 257 1782 l
288 1772 298 1782 .
359 1741 502 1794 petus
520 1727 707 1780 solvat,
744 1724 830 1773 nili
855 1723 952 1773 una
977 1724 1238 1774 dissolvere
1256 1724 1375 1773 velit
1397 1736 1566 1771 totum
1580 1723 1893 1786 Peripatum?
1927 1727 2105 1777 Aetio-

281 1816 292 1844 ,-
358 1808 445 1840 nes
464 1791 672 1855 singulas
696 1787 1046 1853 Philosophica
1065 1786 1247 1837 trutina
1268 1786 1538 1852 perpende,
1552 1789 1663 1837 &in
1675 1788 1905 1836 Stoicum
1929 1792 2108 1854 migra.

360 1855 431 1904 bo
451 1866 589 1904 totus
602 1887 616 1908 ,
644 1854 731 1902 nisi
751 1852 908 1900 finem
930 1851 1270 1916 deprehendas
1287 1853 1339 1899 in
1349 1850 1569 1913 singulis,
1605 1862 1809 1914 propter
1821 1866 1974 1913 quem
1989 1870 2109 1919 ope-

335 1965 337 1967 ,
360 1931 554 1968 rantur:
591 1916 678 1966 nisi
699 1916 863 1965 media
884 1916 1048 1979 palpes
1071 1928 1278 1977 utraque
1291 1930 1462 1966 manu,
1477 1929 1585 1976 quae
1599 1914 1786 1975 eligunt
1799 1915 2106 1978 consequen-

315 2025 326 2035 .
362 1983 432 2031 do
453 1981 540 2030 fini
561 1977 780 2030 maxime
800 1991 1102 2043 opportuna.
1153 1995 1180 2026 c
1214 1980 1313 2027 Pro
1347 1974 1467 2026 teste
1491 1992 1671 2025 canem
1693 1976 1896 2026 adducit
1922 1980 2108 2030 Plutar-

317 2084 329 2096 .
363 2045 511 2098 chus,
547 2046 632 2108 qui
652 2042 908 2108 amphora:
930 2041 1125 2091 oleariae
1148 2041 1420 2094 insidiatus,
1456 2040 1574 2088 cum
1594 2039 1809 2105 lupetius
1829 2039 2105 2106 angustam,

284 2149 293 2161 .
361 2124 456 2159 nec
474 2106 581 2155 satis
605 2108 807 2170 plenam
827 2108 1100 2154 intueretur
1119 2139 1132 2158 ,
1168 2105 1362 2153 tamdiu
1393 2103 1703 2166 conquisitos
1722 2101 1812 2152 ase
1832 2105 2024 2170 lapillos
2055 2111 2107 2156 in

363 2170 621 2235 lecythum
655 2170 844 2226 injecit,
882 2169 1048 2216 donec
1080 2168 1342 2232 assurgeret
1367 2168 1542 2215 oleum
1563 2201 1575 2221 ,
1612 2167 1778 2231 &ipse
1801 2167 2102 2223 lambendo,

365 2233 634 2285 satisfacere
658 2233 781 2294 gulae
802 2231 974 2294 poffet.
1013 2232 1045 2280 d
1079 2234 1299 2285 Cancer,
1320 2231 1405 2280 ubi
1426 2227 1610 2280 ostreas
1629 2233 1789 2285 videt,
1805 2230 1971 2280 hiante
1983 2247 2103 2280 con-

367 2296 486 2350 cha,
513 2296 787 2344 radiantem
800 2295 1054 2344 Phoebum
1073 2296 1364 2349 admittere,
1390 2310 1512 2343 mox
1538 2310 1593 2342 ex
1605 2295 1781 2351 insidiis
1805 2296 2100 2358 prorumpit,
2162 2299 2164 2302 ’

311 2401 321 2411 .
368 2357 537 2424 lapillo
557 2354 814 2407 instructus
831 2391 843 2411 ,
864 2372 969 2419 quo
991 2359 1276 2407 clanculum
1297 2358 1499 2413 iniecto,
1525 2357 1977 2422 conchylijportam
1996 2357 2102 2405 red-

312 2466 324 2476 .
369 2425 440 2473 dit
461 2422 548 2472 fibi
565 2432 844 2486 patentem,
879 2416 1051 2482 sicque
1070 2437 1163 2485 pro
1183 2422 1326 2471 libitu
1337 2421 1487 2470 chelis
1500 2421 1707 2471 extrahit
1716 2418 1930 2484 praedam
1946 2452 1959 2472 ,
1975 2420 2104 2470 male
2131 2448 2149 2479 0

369 2483 810 2546 custoditam,quia
831 2480 960 2531 male
983 2484 1212 2534 clausam.
1243 2500 1271 2532 e
1305 2481 1530 2535 Asturius
1553 2499 1698 2534 more
1715 2482 1803 2531 suo
1821 2479 1867 2529 se
1883 2480 1929 2530 se
1949 2483 2104 2533 vindi-

371 2562 453 2604 cat
473 2548 671 2615 vulpes,
690 2546 898 2612 pulices,
921 2544 1152 2598 custodes
1182 2546 1519 2604 domesticos,
1543 2545 1699 2599 exosa.
1777 2544 2044 2662 Senfiumndsit}
2058 2547 2105 2597 se
2132 2607 2136 2611 Ι

2173 369 2175 404 1

2173 536 2175 583 l
