2175 2911
722 137 920 188 Flamma
950 130 1216 188 Promethei.
1724 153 1784 204 59

2 264 5 269 ·
92 238 342 291 bertatem
368 247 474 287 non
494 230 648 283 laedit:
683 231 752 282 ita
772 235 872 296 agit
889 231 1180 297 supremum
1191 229 1484 285 Dominum
1498 269 1512 292 ,
1531 245 1588 286 ut
1607 234 1842 288 voluntas

93 305 185 354 suo
213 302 444 352 dominio
465 312 573 346 non
601 296 861 360 spolietur:
913 296 1174 344 Dominus
1198 297 1250 346 &
1268 295 1498 348 Domina
1519 312 1673 363 agunt
1691 300 1841 350 aCtio-

17 363 20 416 Ξ
92 383 159 416 ne
183 363 472 415 communi,
491 371 700 421 uterque
719 371 923 412 movet,
945 361 996 409 <Sc
1018 370 1283 407 movetur:
1321 372 1529 423 uterque
1543 365 1731 426 primus
1753 360 1838 419 est,

90 441 298 491 uterque
316 421 583 473 secundus:
621 433 831 486 uterque
863 422 1000 486 prior
1028 418 1121 475 est,
1143 433 1320 469 neuter
1346 420 1617 486 posterior:
1653 426 1841 474 liberri-

88 488 174 542 me
190 490 420 541 voluntas
438 485 768 550 amplectitur,
782 484 924 547 quod
938 484 1201 538 decorum,
1215 482 1466 534 liberrime
1486 488 1682 552 refugit,
1695 489 1840 551 quod

19 550 21 556 ’
88 565 228 618 putat
246 551 473 600 noxium.
541 550 603 597 Et
632 547 756 597 illud
774 543 1018 613 praecipue
1041 548 1257 601 mirum,
1281 545 1426 610 quod
1456 550 1507 597 in
1535 549 1638 600 hoc
1666 552 1841 601 Provi-

20 631 21 634 ’
88 614 262 664 dentiae
286 613 489 666 ordine,
516 610 726 661 divisum
747 626 856 659 non
878 610 1058 659 habeat
1079 625 1200 659 cum
1215 612 1349 668 Jove
1368 612 1668 677 Imperium:
1704 613 1837 663 flecti

80 673 268 740 potest,
297 678 415 740 cogi
437 689 547 723 non
566 670 755 738 potest:
792 674 1041 726 inclinari,
1071 689 1182 722 non
1203 673 1379 738 frangi.
1447 674 1644 724 Afferte
1665 679 1840 726 vincu-

20 741 24 747 ’
81 742 129 790 la
152 741 386 789 Nerones
409 771 423 793 ,
450 753 559 786 non
592 732 973 801 constringeti53
1010 732 1211 785 catastas
1236 769 1249 790 ,
1281 737 1525 800 equuleos
1553 739 1838 787 Domitiani

81 804 285 856 exerite,
314 803 521 850 invitam
552 815 662 849 non
688 800 1027 864 compelletis:
1063 812 1221 854 rotas,
1253 802 1477 849 acinaces
1510 797 1728 866 stringite
1752 803 1838 860 Ju-

79 866 223 918 liani‚
252 865 515 913 nolentem
548 863 611 911 ad
631 874 748 912 vota
771 878 881 912 non
914 863 1143 926 adigetis:
1181 863 1321 927 supra
1347 861 1624 913 humanam
1660 877 1838 929 poten-

77 930 201 976 tiam
224 924 295 975 est
313 927 420 976 haec
444 928 700 992 potentia3
735 923 845 975 imo
881 923 1069 983 (DEO
1094 925 1158 974 fic
1181 922 1334 975 libere
1354 926 1620 975 ordinante
1640 925 1664 983 )
1699 939 1753 976 ut
1769 930 1838 975 ita

77 990 274 1043 dicam,
293 990 433 1054 supra
455 991 723 1041 Divinam,
746 1001 858 1038 utut
881 985 1064 1038 resistet
1090 1004 1356 1051 nunquam
1379 1021 1392 1043 ,
1426 987 1642 1037 resistere
1670 986 1837 1054 potest

82 1051 282 1117 fingulis
308 1053 445 1102 Coeli
467 1053 679 1108 auxiliis,
704 1055 828 1101 neci
868 1053 912 1101 se
932 1052 1108 1103 DEUS
1136 1051 1318 1102 salvare
1338 1054 1523 1117 poterit
1539 1053 1823 1109 nolentem.

13 1128 28 1170 μ
204 1116 400 1165 LEUC:
437 1114 695 1164 Audacter
720 1128 776 1163 tu
796 1117 830 1163 il
856 1132 908 1169 a,
930 1118 980 1165 ὅς
1006 1115 1214 1178 quidem
1235 1115 1572 1179 tingentibus,
1592 1115 1648 1164 ut
1668 1117 1832 1166 aiunt,

70 1177 440 1228 Heterodoxis!
502 1178 623 1240 quid
639 1190 781 1240 putas
819 1178 883 1225 ad
916 1174 1003 1226 ista
1034 1177 1224 1240 Ephori
1256 1177 1446 1226 haerefis
1492 1177 1832 1236 Jansenianae?

25 1239 29 1302 l
71 1243 230 1288 MEL:
329 1242 562 1289 Fremant
586 1273 598 1294 ,
630 1244 681 1291 ὅ(
704 1240 998 1288 infrcmant:
1049 1240 1258 1288 illorum
1282 1236 1493 1288 stridore
1522 1239 1648 1288 mihi
1674 1241 1834 1288 neuti-

27 1319 30 1366 5
71 1317 229 1366 quam
251 1303 499 1352 dolebunt
517 1304 714 1352 dentes:
748 1303 800 1351 id
828 1318 989 1351 unum
1012 1301 1186 1356 assem,
1210 1315 1433 1351 meretur
1456 1303 1538 1350 vel
1558 1302 1641 1350 sua
1659 1304 1834 1366 impie-

28 1380 31 1415 ᾳ
71 1376 172 1414 tate
192 1366 296 1414 hoc
314 1363 629 1418 monstrum,
659 1376 715 1412 ut
744 1365 1050 1428 peculiarem
1077 1365 1146 1411 illi
1170 1366 1406 1426 paginam
1436 1364 1552 1412 alibi
1578 1364 1835 1413 consecre-

15 1435 31 1460 ,⁴
72 1443 202 1477 mus.
271 1429 453 1481 Nunc,
476 1442 540 1475 ne
566 1439 801 1491 oporteat
820 1428 1068 1474 invertere
1089 1425 1411 1488 clepsydram,
1428 1427 1540 1475 vela
1561 1427 1833 1481 contraho,

15 1504 32 1545 ῃ
73 1489 304 1539 hanctibi
323 1487 536 1539 statuens
557 1486 794 1539 discursus
815 1503 966 1538 anace
1003 1486 1262 1536 halaeofin:
1299 1488 1494 1537 Anima
1515 1502 1592 1534 tua
1621 1486 1716 1537 est:
1743 1489 1833 1546 fiffr-
1865 1489 2019 1548 Ecclef.

16 1554 17 1558 ’
71 1569 131 1599 va
156 1554 292 1612 igitur
313 1556 524 1608 animam,
548 1554 665 1615 quia
692 1566 838 1599 tuam.-
890 1567 953 1600 au
991 1552 1034 1604 i,
1064 1551 1208 1614 quod
1237 1551 1505 1613 quondam
1524 1551 1828 1601 Mellifluus:
1868 1566 1942 1599 10.

31 1626 33 1629 “
71 1615 196 1678 quaesb
218 1629 287 1666 te,
302 1616 339 1674 si
361 1628 453 1663 tam
464 1616 667 1673 sbllicitm
684 1633 750 1666 es,
767 1614 806 1674 fi
824 1631 899 1661 nec
924 1617 1103 1661 minima
1121 1615 1318 1674 negligis,
1332 1613 1370 1673 si
1394 1626 1485 1660 tam
1501 1616 1732 1675 prudenter
1743 1615 1832 1673 fhr-
1861 1619 2011 1673 Ser.7.
2034 1615 2080 1659 in.

25 1683 36 1713 *v
71 1694 150 1723 vas·
162 1679 309 1738 paleas
327 1691 423 1724 tuas·
437 1714 449 1729 ,
470 1681 603 1724 etiam
623 1679 822 1725 horreum
849 1690 971 1725 tuum
983 1677 1162 1731 fi‘rvare
1187 1689 1422 1728 memento,
1442 1677 1527 1724 im&
1548 1678 1652 1725 verb
1686 1695 1738 1724 ne
1759 1695 1832 1725 ex-
1863 1678 1931 1737 Pfi
1953 1690 2030 1736 90.

0 1770 1 1773 =
30 1744 36 1803 ξ
62 1750 194 1802 ponas
210 1740 471 1797 thefizurum,
493 1740 910 1805 quificsterquilinio
932 1738 1104 1786 incubas
1124 1753 1214 1788 tuo.
1252 1741 1496 1790 Dicamus
1510 1742 1674 1805 igitur,
1687 1741 1832 1804 quod

0 1843 1 1847 ,
27 1806 37 1864 l
69 1802 323 1853 Adrianus
344 1804 539 1867 Martyr
573 1806 846 1868 Tyranno,
869 1802 1094 1853 Ecclefiae
1120 1802 1376 1853 thesauros
1397 1806 1612 1869 petenti:
1638 1803 1828 1853 thesau-

68 1866 110 1913 ri
139 1868 284 1912 animae
305 1865 443 1919 nostrae
460 1869 575 1924 sunt,
592 1868 668 1914 has
677 1869 856 1928 perdere
879 1869 1114 1914 nullatenus
1131 1868 1342 1913 volumus.
1412 1866 1607 1917 Anima
1629 1884 1713 1913 una
1732 1864 1828 1916 est:

35 1928 37 1997 ἐ
67 1926 188 1977 hinc
209 1928 334 1978 illius
354 1929 536 1986 jactura
555 1930 903 1995 irreparabilis:
941 1927 1087 1992 quod
1111 1928 1147 1978 fi
1166 1931 1312 1994 igitur
1330 1932 1542 1980 tentatio
1564 1932 1776 1995 ingruat,
1795 1928 1831 1979 si

35 2048 38 2056 ὲ
68 1992 282 2040 invitent
300 1993 517 2047 Sirenes,
548 1993 583 2042 si
611 1994 790 2042 alliciat
810 1995 1064 2048 MundUS,
1087 1992 1313 2042 dicamus
1338 2026 1352 2048 ,
1381 1993 1526 2056 quod
1554 1993 1822 2057 quondam

64 2053 214 2105 dixit,
236 2052 434 2103 corona
451 2057 629 2119 triplici
647 2056 977 2106 BenediCtum
1001 2057 1183 2121 Caput,
1196 2055 1318 2105 cum
1342 2053 1578 2115 injustum
1597 2056 1719 2119 quid
1745 2072 1829 2121 pe-

69 2126 259 2165 teretur
288 2116 316 2165 ὲ
335 2118 583 2182 Principe:
636 2121 736 2166 duas
762 2124 923 2167 animaes
937 2119 976 2180 fi
1000 2120 1227 2171 haberem,
1251 2119 1366 2167 ultr&
1393 2122 1589 2181 Principi
1617 2135 1746 2167 unam
1772 2122 1829 2168 &⁹

0 2192 9 2240 j
37 2194 41 2219 ν
67 2178 255 2228 {ibenter
282 2181 453 2226 darem.-
482 2181 687 2240 perdere,
711 2198 838 2245 quam
848 2184 984 2241 fidam
1011 2181 1142 2229 habeo
1157 2218 1170 2234 ,
1191 2198 1264 2229 nec
1282 2181 1427 2237 lubet,
1450 2199 1524 2229 nec
1546 2184 1663 2230 licet.

0 2276 10 2308 =‚
39 2247 42 2300 ἶ
195 2242 394 2293 LEUC:
431 2243 630 2292 Bellum
651 2246 932 2302 oraculum,
948 2258 1052 2295 tam
1073 2246 1284 2310 dignum
1303 2244 1551 2296 Pontifice
1579 2242 1827 2309 justo,qui

0 2310 43 2374 cs.
73 2302 231 2356 dedit,
261 2304 418 2368 quam
441 2303 623 2363 injusto
645 2308 895 2373 Principe,
917 2312 1003 2373 qui
1026 2311 1227 2373 recepit.
1328 2310 1535 2360 Um'nam
1567 2309 1670 2358 hoc
1700 2325 1824 2373 ego,

0 2378 45 2433 sti,
68 2365 296 2431 mihique
317 2367 514 2422 ssmiles,
534 2369 625 2418 suis
644 2372 697 2418 in
720 2371 1172 2437 apophthegmatis,
1190 2371 1501 2437 usurparent!
1522 2375 1574 2421 in
1591 2374 1824 2435 Peripato

0 2444 45 2493 nv
72 2429 249 2480 locum
270 2446 381 2480 non
400 2431 605 2481 haberet
625 2433 990 2498 improperium
1010 2435 1156 2484 illud:
1186 2449 1287 2495 gens
1319 2434 1466 2499 absque
1489 2435 1678 2495 confilio,
1700 2435 1755 2480 Θ
1765 2432 1824 2490 fi-
1853 2438 2041 2486 Denter.

0 2515 46 2557 ῃ»
73 2507 126 2540 ne
145 2495 404 2555 prudentia..
494 2495 594 2544 Sed
624 2498 823 2558 quoties
854 2498 1014 2563 Sophi
1044 2494 1258 2549 minime
1296 2498 1465 2564 sophi,
1495 2499 1619 2548 dum
1646 2497 1823 2544 animae
1859 2513 1930 2559 32.

0 2574 19 2621 j,
75 2558 287 2620 pretium
320 2559 557 2623 ignorant
578 2592 592 2617 ,
627 2560 717 2612 illo
760 2561 1104 2675 etiamHDavo
1142 2558 1434 2628 stupidiores
1456 2595 1470 2620 7
1506 2561 1661 2624 {quo
1683 2572 1822 2622 gem·

381 2636 383 2639 ·
978 2637 1008 2674 2
1599 2635 1758 2678 mam,

11 1094 17 1103 “
11 1006 18 1065 ““““
11 963 14 979 ““
22 933 25 937 .
10 875 25 915 Ῑᾼῌ
10 843 26 854 ζ

1863 1973 2040 2020 Benedi-

1858 2034 1947 2082 ἱῖιιᾼ
1967 2042 2076 2082 Pon-

1861 2096 1933 2158 tif.
1940 2101 2072 2151 XIL,
