2175 2911
763 104 945 168 Oedipus
962 107 1170 170 Phyficm.
1680 130 1701 163 1
1710 128 1767 176 93

1 248 2 251 ,
85 195 281 248 nonita
305 206 453 262 captu
483 192 634 246 facilis
654 195 968 261 perhibetur:
1015 212 1135 246 nam
1157 198 1305 260 celeri
1327 196 1446 265 fuga
1466 199 1837 263 insequentium

80 273 329 310 conatum
341 258 496 308 eludit
511 274 629 312 ‚nec
654 258 799 310 antea
817 256 908 310 sisti
931 256 1110 322 potest,
1126 261 1281 323 quam
1304 266 1685 312 excrementitio
1708 280 1836 327 quo-

1 337 3 380 }
81 324 202 372 dam
227 322 446 372 humore
469 321 813 384 perfundatur.
907 323 1147 384 Denique
1165 326 1217 372 in
1239 325 1639 391 Zoophytornm
1667 330 1836 392 Repu-

1 425 5 445 ς
80 383 211 434 blica
228 386 410 449 primas
434 382 521 433 fibi
553 382 699 434 facile
728 385 959 434 vendicat
988 385 1154 449 planta
1187 389 1291 442 illa,
1317 404 1471 451 quam
1505 389 1577 437 ob
1609 390 1832 439 formam
1950 434 1960 444 ,
2044 433 2056 447 ,

79 450 290 499 ovinam
311 449 505 497 Montis
533 449 691 513 Caspii
720 448 929 502 accolae,
948 452 1121 507 Agnum
1153 452 1425 515 appellant:
1475 450 1580 500 haec
1608 456 1834 522 quinque
1860 437 2007 508 sufflas
2033 449 2082 482 ²¹⁸

2 522 4 530 ¹
78 511 277 575 palmos
296 511 409 565 alta,
434 524 600 576 caput,
621 527 778 566 aures,
801 515 853 562 &
871 511 1068 564 oculos,
1091 511 1228 576 Agni
1252 514 1471 579 ectypon
1490 514 1642 564 refert
1661 516 1721 564 ad
1744 532 1832 565 un·
1862 499 2050 546 emnem·

75 587 257 637 gueni:
296 575 425 638 pelle
438 573 637 625 lanifica
656 571 958 624 subtilissima
977 575 1183 637 tegitur:
1221 577 1510 641 sanguinem
1533 575 1634 633 alit,
1655 581 1706 629 &
1731 595 1832 628 car·
1865 570 2000 618 1504.

3 646 5 696 ζ
75 637 151 685 nis
174 634 297 686 loco
318 639 608 690 materiam,
629 653 932 688 cancrorum
956 633 1228 687 substantiae
1247 639 1458 689 ssmilem
1474 660 1488 687 .·
1523 641 1745 691 radicem
1766 641 1831 692 ad

3 706 5 745 ζ
77 698 380 750 umbilicum
402 701 642 756 demittit,
667 705 718 752 ὃς
741 701 935 750 tamdiu
958 702 1127 750 vivere
1145 701 1562 766 deprehenditur,
1582 704 1724 759 dum,
1745 705 1830 753 de-

71 759 218 828 pastis
237 766 366 813 circa
387 765 432 814 se
452 764 613 813 herbis
626 798 639 819 ‚
660 762 832 829 inopia
850 764 1017 828 pabuli
1036 764 1252 827 denique
1271 765 1473 814 arescat:
1509 779 1645 815 tanta
1674 768 1742 815 illi
1760 765 1830 817 est

4 849 6 886 l
73 827 308 880 suavitas,
332 839 388 876 ut
405 828 552 890 lupos
573 828 764 880 invitet,
780 826 1138 890 ,magnumque
1156 831 1319 892 rapaci
1341 829 1466 891 gulae
1487 830 1703 893 praebeat
1725 833 1827 881 irri-

4 905 8 952 5
71 901 374 937 ramentum.
440 892 502 938 Et
525 903 680 951 quam
701 888 774 936 his
795 887 1030 937 monstris
1049 902 1104 938 tu
1122 890 1289 938 sedem
1312 891 1448 938 dabis
1462 894 1512 939 in
1529 892 1826 947 Brutorum,

4 958 7 1023 i
69 948 459 1015 plantarumque
480 951 726 1008 comitiis?
760 967 835 1001 res
864 949 952 1002 ista
984 952 1178 1003 dudum
1211 954 1374 1003 delata
1396 953 1460 1002 ad
1491 952 1825 1019 Philosophia:

5 1034 7 1067 ς
70 1013 340 1068 Tribunal‚
359 1013 388 1063 ὲ
408 1031 493 1063 me
506 1027 611 1063 tam
623 1015 797 1065 leviter
814 1030 924 1064 non
943 1015 1217 1065 decidetur.
1252 1019 1403 1068 Sunt,
1421 1020 1505 1079 qui
1520 1028 1825 1081 argumento

6 1084 9 1135 ξ
68 1078 425 1142 etymologico
447 1078 704 1131 contenti,
729 1076 1002 1141 Zoophyta
1019 1078 1099 1125 illa
1126 1079 1471 1142 proclamant,
1492 1079 1595 1129 hoc
1618 1076 1711 1134 est,
1732 1084 1826 1127 ani-

5 1142 9 1195 ’ζ
70 1142 205 1187 mazia
226 1140 378 1198 fimul,
409 1142 465 1188 εἴθ*
481 1142 676 1201 plantas,
703 1137 939 1203 adeoque
967 1141 1175 1195 volunt,
1209 1153 1263 1190 ut
1293 1140 1413 1191 cum
1440 1144 1696 1205 utriusque
1724 1143 1826 1208 spe-

7 1204 10 1246 ῖ
63 1204 163 1252 cici
185 1203 389 1251 dotibus
421 1203 670 1267 gaudeant
691 1236 704 1256 ‚
735 1207 885 1252 etiam
921 1215 1186 1267 utramque
1224 1207 1518 1270 participent
1550 1208 1820 1256 Naturam.

7 1282 9 1319 i
65 1267 223 1320 Sunt,
252 1266 340 1328 qui
370 1279 604 1315 neutram
632 1266 722 1314 illis
747 1266 1034 1323 adjudicant
1051 1266 1291 1331 speeiem,
1317 1268 1398 1316 sed
1426 1269 1683 1331 quandam
1717 1285 1824 1317 me-

7 1361 30 1375 ,
61 1327 205 1378 diam
226 1328 436 1382 cudunt,
452 1329 656 1389 qualem
680 1328 958 1376 diluculum
971 1327 1155 1378 habere
1173 1333 1436 1382 cernimus,
1459 1331 1595 1379 diem
1608 1334 1752 1386 inter,
1771 1334 1824 1384 δε

0 1406 10 1447 ’ξ
67 1391 295 1441 noctem.
361 1391 517 1446 Sunt,
538 1391 624 1454 qui
644 1390 726 1438 illa
742 1391 806 1439 ad
825 1390 950 1439 solas
971 1392 1159 1453 plantas
1189 1393 1448 1456 ablegant,
1472 1408 1530 1442 ac
1553 1394 1822 1458 analogico

0 1461 11 1515 ,ξ
60 1454 293 1505 animalis
316 1456 546 1507 nomine,
566 1465 716 1515 atque
737 1453 899 1518 effigie
918 1454 1092 1510 jubent
1115 1453 1208 1503 esse
1230 1467 1486 1504 contenta.
1557 1458 1746 1519 Fugam
1767 1458 1822 1506 il-

9 1520 12 1572 ξ
67 1519 170 1568 lam
195 1517 405 1567 humani
426 1516 687 1567 contactus
709 1518 760 1565 in
780 1517 1136 1581 antipathicam
1162 1517 1438 1566 refundunt
1453 1520 1821 1581 virtutcm,qua

0 1582 12 1643 ,ξ
66 1581 273 1635 halitus,
295 1577 654 1645 spirituumque
687 1578 887 1629 effluvia
919 1580 1224 1630 aversantur:
1272 1582 1419 1644 quale
1446 1582 1627 1630 odium
1661 1583 1820 1633 vitem

0 1647 12 1713 ᾗ
65 1647 193 1694 inter
208 1677 220 1699 ‚
241 1641 561 1695 &brassicam
584 1643 811 1706 quotidie
825 1646 1121 1708 experimur.
1167 1647 1362 1695 Lanam
1383 1648 1500 1705 Agni
1521 1645 1741 1692 Tartarici
1763 1644 1820 1694 si-

0 1713 14 1773 l
66 1710 244 1757 milem
272 1708 434 1766 ajunt,
457 1706 644 1757 fructus
665 1707 841 1758 Persici
859 1706 980 1757 albae
1011 1708 1258 1771 lanugini,
1289 1724 1528 1758 cruorem
1548 1708 1695 1757 succo
1714 1708 1818 1758 san⁴

0 1788 14 1840 ᾗ
69 1773 285 1837 guineo,
306 1772 394 1834 qui
415 1767 559 1819 stillat
584 1786 642 1819 ex
663 1771 802 1821 malo
826 1773 1016 1836 punico
1042 1771 1272 1821 diffec‘to:
1309 1773 1514 1836 pulpam
1546 1772 1817 1837 analogam

1 1849 13 1892 ³3
64 1833 167 1899 ‘effe
184 1834 368 1884 volunt
396 1834 582 1899 pulpae,
605 1849 760 1897 quam
784 1836 1012 1884 nutriunt
1041 1851 1148 1885 uvae
1167 1839 1316 1900 nigrae
1339 1869 1352 1889 ,
1375 1832 1401 1883 ὲ
1426 1835 1606 1898 quibus
1636 1837 1816 1899 pariter

5 1893 14 1958 l
69 1899 250 1947 vinum
270 1894 411 1946 stillat
431 1901 600 1946 cruori
619 1897 947 1947 (imillimum.
1016 1900 1245 1963 figuram
1267 1898 1408 1960 quod
1432 1901 1621 1952 attinet,
1636 1902 1684 1949 ὃς
1712 1899 1816 1948 aliae

8 1981 14 2030 χ
70 1962 249 2026 plantae
275 1962 472 2011 avium,
494 1962 545 2010 ὃς
565 1960 788 2010 homi-nis
810 1962 1034 2010 formam
1056 1977 1165 2010 non
1188 1960 1305 2010 raro
1332 1962 1673 2026 praeseferunt3
1708 1961 1818 2010 her-

71 2027 157 2076 bas
177 2035 348 2072 autcm
365 2022 508 2083 quod
529 2024 754 2073 videatur
775 2024 1034 2090 depascere
1049 2058 1062 2078 ‚
1086 2041 1143 2073 ex
1172 2040 1236 2073 eo
1260 2027 1521 2090 provenit,
1541 2025 1686 2087 quod
1715 2024 1819 2074 suc-

13 2094 16 2147 l
71 2103 193 2138 cum
211 2084 462 2150 copiofius
482 2085 708 2141 attrahat,
721 2088 858 2145 cujus
877 2087 1076 2137 defeetu
1099 2089 1272 2138 vicinae
1292 2088 1468 2153 plantae
1488 2087 1816 2144 marcescunt,

13 2151 17 2216 l
68 2155 123 2202 &
149 2150 481 2200 emoriuntur.
579 2150 706 2199 Sunt
734 2151 976 2214 denique,
1000 2153 1086 2214 qui
1112 2150 1179 2199 ‘ad
1208 2153 1501 2200 animalium
1522 2152 1816 2216 dignitatem

0 2221 19 2274 J‘,›
69 2213 344 2278 Zoophyta
372 2212 592 2261 elevent:
644 2228 762 2261 nam
794 2215 1061 2263 Sententiae
1092 2216 1262 2278 primae
1288 2216 1515 2264 Patronis
1553 2217 1814 2279 chymaerae

0 2284 17 2335 ,ξ
69 2292 264 2329 cornua
293 2288 565 2341 opponunt
585 2307 599 2330 ‚
630 2273 696 2324 eo
713 2273 857 2338 quod
876 2279 1029 2324 vivens
1040 2277 1287 2335 sensitivam
1290 2277 1432 2335 simul,
1459 2279 1812 2337 &infimfitivum

0 2341 20 2404 ἐξ
68 2343 121 2393 in
140 2355 294 2390 unam
316 2338 660 2387 consarcinent
679 2341 947 2390 Naturam.
1012 2340 1112 2389 Sed
1131 2356 1225 2390 nec
1247 2341 1430 2389 caeteris
1450 2342 1721 2395 accedunt,
1744 2339 1809 2389 eo

16 2409 19 2462 ξ
70 2401 217 2469 quod
243 2398 466 2452 monstra
493 2400 599 2452 haec
615 2417 725 2453 non
752 2400 917 2453 modo
947 2406 1134 2455 vivant,
1155 2404 1236 2454 sed
1269 2406 1419 2453 etiam
1432 2406 1645 2463 sentiant:
1688 2419 1809 2453 nam

16 2471 22 2511 ’ἱ
70 2468 192 2518 cum
210 2477 527 2532 punguntur,
552 2466 599 2515 se
617 2466 950 2521 contrahunt,
975 2469 1025 2517 ὅ(
1047 2463 1167 2515 teste
1186 2468 1386 2526 Majolo
1400 2501 1413 2523 ,
1435 2476 1597 2528 Agnus
1614 2468 1810 2513 Tartari-

67 2547 139 2584 oue
156 2545 267 2586 non
283 2526 451 2582 modo
463 2560 479 2586 ,
499 2529 780 2582 belluarum
795 2529 1155 2646 ηιοὲεὲὶιεὼὶε
1175 2530 1221 2582 se
1239 2531 1286 2583 se
1314 2529 1515 2597 proprie
1533 2529 1681 2596 pascit
1691 2528 1810 2646 &sed
