2175 2911
379 116 471 158 250
915 98 1070 158 Hydra
1087 96 1214 152 nostri
1235 98 1453 158 temporis.

318 190 422 238 suas
452 185 687 235 adoraret
715 182 1010 248 impensius,
1031 185 1211 233 alienas
1246 179 1370 232 vero
1401 181 1730 246 vilipenderet
1758 183 2062 247 protervius:

318 251 437 302 hinc
461 245 529 298 est
545 281 558 301 ,
586 245 729 310 quod
743 249 1048 296 Societatem
1070 247 1222 304 JESU
1252 245 1504 298 ambiens,
1521 245 1601 293 scd
1615 246 1858 309 repulsam
1884 245 2068 310 pass'us,

319 316 371 364 in
393 311 619 362 vindiCtae
641 324 852 374 partem,
867 309 930 358 ad
950 309 1273 358 evertendam
1298 310 1398 364 ejus
1421 307 1707 358 doctrinam
1725 307 2071 372 Augustinum

320 377 465 426 suum
501 373 778 436 (llacrymis
814 370 1036 422 Ecclefiae
1069 373 1304 422 maternis
1332 369 1699 433 dignissimum,
1730 373 1845 434 quia
1868 373 2073 420 Haereti-

319 454 442 490 cum
463 435 486 496 >
507 437 888 489 elucubraverit,
902 437 1099 499 privatae
1122 435 1428 484 aemulationi
1442 448 1529 497 per
1557 435 1949 483 innumerorum
1971 435 2074 482 ani-

319 517 532 554 morum
561 502 837 577 perniciem
862 499 1100 548 litaturus.
1169 499 1263 546 Hic
1294 497 1442 561 proin
1464 493 1774 560 Augustinus
1805 498 1886 545 vix
1906 497 2075 546 lucem

321 565 518 630 aspexit,
533 580 654 613 cum
676 562 949 610 declaratus
974 559 1043 610 est
1062 561 1148 610 sibi
1172 558 1423 615 diffimilis,
1437 560 1554 622 quia
1575 559 1776 622 spurius,
1791 562 1841 610 ὅ(
1863 575 1921 607 ex
1936 561 2077 622 quin-

321 643 424 691 que
444 623 679 676 monstris
710 624 957 674 conflatus
980 626 1232 674 Haereseos
1260 623 1483 672 abortus.
1586 623 1829 687 Qinque
1857 621 2079 687 proposi-

321 694 486 739 tiones
506 689 758 751 intelligo,
779 691 828 736 in
853 687 993 736 Orbe
1013 687 1289 736 Catholico
1313 685 1553 738 famosas,
1575 687 1625 734 ὅς
1650 689 1929 734 etiamnum
1954 687 2079 743 aJo-

321 755 397 802 vis
416 755 642 802 Romani
667 752 877 799 fulmine
898 749 1118 800 fumosas
1133 784 1145 804 ,
1171 765 1386 811 quarum
1407 749 1644 802 secunda,
1665 760 1956 796 caeterarum
1976 749 2082 813 spu-

325 820 395 866 ria
417 818 611 869 Mater,
632 817 683 863 in
707 811 831 864 statu
850 815 902 863 N
907 826 1054 862 atnrae
1076 814 1213 878 lapsce
1237 813 1389 860 talem
1415 813 1628 875 gratiam
1659 807 1854 865 astruit,
1880 814 1948 857 cui
1978 826 2085 857 nun-

322 895 452 943 quam
481 877 699 936 refistitur‚
722 893 778 924 ac
803 877 1016 939 proinde
1044 876 1243 926 homini
1263 875 1544 923 libertatem
1563 875 1778 936 denegat
1798 872 2083 922 indifferen-

327 945 423 990 tiae.
493 939 773 990 Videbatur
795 939 925 987 Orbi
948 939 1048 993 iam
1068 934 1374 1000 prostratum
1397 936 1423 984 a
1438 938 1686 984 Romano
1702 935 1918 983 Hercule
1933 951 2081 985 mon-

331 1001 513 1051 strum:
536 1001 616 1047 sed
636 1001 898 1046 videbatur
915 997 1274 1044 solummodo:
1295 1010 1415 1041 nam
1437 995 1608 1042 habuit
1625 996 2082 1059 Podalyrios,clan-
2156 1037 2175 1042 ,.

335 1065 509 1118 culum
530 1058 729 1110 emissos
750 1059 810 1106 ab
836 1059 979 1106 Orco
997 1090 1009 1111 ,
1035 1061 1120 1119 qui
1148 1054 1321 1119 spuma
1349 1053 1376 1103 ὲ
1399 1056 1604 1105 Cerberi
1636 1056 1859 1106 faucibus
1891 1060 2082 1108 desum-
2165 1102 2171 1118 ὲ

337 1123 437 1192 pta,
452 1125 617 1173 sanare
638 1119 910 1170 institerant
929 1133 1032 1169 tam
1056 1121 1270 1168 crudum
1289 1119 1485 1167 vulnus.
1556 1117 1727 1173 Fuere,
1742 1123 1827 1182 qui
1844 1121 2085 1186 negarant
2157 1136 2159 1138 ’

332 1190 632 1238 damnatum
656 1182 996 1248 Augustinum
1016 1182 1227 1240 Jansenij
1245 1216 1258 1236 ,
1286 1179 1350 1230 eo
1379 1178 1524 1244 quod
1546 1182 1670 1230 liber
1688 1183 1899 1234 censnrae
1923 1189 2083 1248 virgu-
2154 1211 2173 1217 ·-

334 1254 392 1301 1ae
410 1267 518 1299 non
542 1249 597 1297 sit
620 1248 884 1303 subjectus:
909 1248 983 1302 alii
1010 1245 1298 1299 afferebant,
1311 1246 1753 1295 condemnationis
1767 1247 1961 1297 Bullam
1975 1264 2083 1297 non

331 1314 424 1366 nisi
445 1317 497 1363 in
515 1314 691 1376 capite,
713 1314 762 1360 δε
782 1310 917 1358 calce
937 1309 1148 1367 jansenii
1169 1324 1457 1358 memorem
1473 1341 1485 1362 ,
1507 1308 1762 1358 methodo
1783 1309 1993 1361 minime
2015 1313 2085 1358 de·

339 1376 492 1437 cmvii,
518 1375 598 1425 sed
627 1372 879 1423 narrativd,
901 1369 1135 1435 adeoque
1162 1371 1534 1437 propositiones
1562 1388 1670 1421 non
1694 1371 1782 1421 nisi
1801 1375 1852 1422 in
1874 1388 2083 1439 genere,

340 1438 606 1502 sensuque,
628 1438 683 1486 ut
707 1438 992 1498 loquimur,
1019 1437 1260 1489 naturali,
1293 1436 1318 1484 ὲ
1346 1450 1655 1498 quoeunque
1675 1436 2008 1500 proferantur,
2024 1438 2089 1486 es-

336 1506 384 1554 se
403 1500 642 1568 percuffas
662 1497 968 1564 Apostolico
995 1499 1224 1548 fulmine.
1293 1497 1446 1547 Fuere
1462 1532 1475 1551 ,
1501 1503 1587 1562 qui
1605 1512 1843 1563 negarent
1865 1501 2089 1566 propofi-
2153 1502 2156 1508 '

337 1569 504 1616 tiones
527 1565 785 1613 damnatas
820 1561 891 1619 (si
912 1565 1126 1626 primam
1148 1564 1372 1627 excipias,
1390 1565 1439 1612 ὅ(
1461 1563 1668 1625 quidem
1688 1563 1714 1610 a
1735 1575 1976 1614 contextu
1996 1565 2087 1614 suo

336 1626 605 1684 avulsam)
640 1621 692 1674 113
720 1622 1010 1689 Augustino
1036 1627 1249 1684 jansenii
1284 1626 1346 1674 de
1378 1626 1536 1675 verbo
1568 1625 1662 1674 effe
1693 1639 1983 1682 contentas,
2006 1627 2089 1678 sed

340 1694 546 1741 unicam
568 1693 618 1738 in
641 1689 730 1738 illo
750 1688 875 1737 tradi
897 1689 1121 1738 Gratiam
1137 1689 1199 1737 de
1222 1689 1268 1737 se
1288 1688 1564 1738 efficacem.
1665 1686 1818 1737 Fuere
1844 1690 2089 1754 denique,

343 1756 432 1818 qui
455 1764 718 1818 negarent,
744 1751 959 1806 sensum,
980 1767 1136 1814 quem
1163 1755 1428 1801 continent
1458 1751 1827 1817 propositiones
1858 1754 2091 1804 fulmina-

344 1832 430 1872 tae,
451 1819 503 1865 in
527 1813 816 1880 Augustino
839 1815 1047 1874 Jansenij
1071 1818 1296 1879 reperiri,
1317 1813 1382 1864 eo
1416 1814 1559 1878 quod
1590 1817 1815 1867 mitiores
1840 1831 2092 1867 mereatur

345 1883 646 1955 Interprctes
666 1891 830 1927 tantus
851 1879 1086 1928 Author:
1117 1882 1166 1928 Se
1192 1878 1293 1927 hoc
1308 1878 1796 1938 faciumffansenianmn
1816 1896 1878 1945 ap
1915 1882 2090 1930 ellam:
2136 1894 2157 1924 Α

347 1946 569 1994 cuicum
593 1945 896 1992 contrariam
927 1941 1128 1990 videant
1150 1940 1373 1992 Ecclefiae
1407 1941 1712 1991 decifionem
1737 1976 1753 1997 ,
1779 1944 1863 1992 illu
1928 1943 2094 1994 solum

347 2010 663 2071 ogganniunt
676 2040 689 2060 ,
709 2006 770 2055 ab
792 2004 1003 2055 Ecclesia
1023 2007 1074 2054 in
1099 2006 1239 2052 fanis
1259 2022 1339 2051 non
1357 2007 1562 2052 revelatis
1587 2006 1695 2070 plus
1712 2021 1822 2055 non
1840 2009 1983 2072 exigi,
2003 2007 2091 2057 nisi

346 2071 696 2123 reverentiam,
719 2069 1007 2118 habendam
1031 2069 1206 2123 Bullae,
1230 2067 1373 2131 quod
1404 2068 1487 2133 ipsi
1515 2069 1764 2124 facerent,
1785 2072 1835 2120 ὅ(
1866 2068 2094 2133 quaestio-

342 2148 469 2181 nem
489 2133 765 2195 iuris,quod
781 2135 1010 2181 attineret
1024 2165 1036 2185 ,
1059 2129 1367 2196 Apostolico
1387 2133 1614 2181 Culmini
1635 2147 1784 2197 caput
1804 2134 1999 2197 penitus
2019 2138 2091 2184 in-

348 2197 607 2244 clinarent.
708 2197 828 2244 Haec
849 2196 945 2248 illi,
969 2197 1021 2243 in
1046 2196 1135 2244 suo
1165 2195 1298 2244 sensu
1326 2195 1393 2243 sat
1423 2195 1759 2251 abundantes,
1782 2193 2090 2261 firmiterque

348 2257 556 2324 persuasi
572 2291 583 2309 ,
608 2257 708 2306 hoc
728 2256 1105 2307 distintstionum
1126 2261 1304 2323 clypeo
1320 2291 1333 2312 ,
1355 2259 1453 2315 jam
1475 2259 1669 2323 pridem
1727 2261 1907 2315 ertuso,
1932 2259 2092 2321 Janse-

347 2324 492 2370 nium
506 2320 713 2372 tectum,
727 2320 934 2377 Jansenii
952 2323 1187 2371 Fautores
1209 2335 1345 2372 tutos
1359 2322 1653 2374 ,invincibili
1711 2339 1792 2373 are
1806 2324 1892 2373 sub
1904 2326 2086 2373 Lauro.

348 2384 469 2434 Imo
492 2385 584 2432 fuit
605 2398 662 2430 ex
690 2384 780 2431 illis
805 2384 1130 2445 Qesnellus,
1156 2387 1236 2433 cui
1256 2387 1511 2434 Protervia
1545 2385 1758 2436 firmiori
1787 2386 1991 2441 chalvbe
2019 2401 2091 2435 ar-

329 2446 514 2497 «marat
535 2447 777 2499 frontem,
791 2450 876 2508 qui
893 2448 942 2494 in
966 2448 1042 2495 sua
1063 2446 1203 2511 supra
1223 2463 1420 2498 novum
1434 2445 1814 2499 Testamentum
1834 2443 2093 2515 paraphra-

354 2511 405 2568 si,
418 2506 642 2576 Magistri
664 2524 870 2565 errores,
884 2507 941 2561 ea
959 2509 1222 2564 subtilitate
1246 2510 1591 2571 disseminavit,
1605 2526 1658 2566 ut
1672 2529 1729 2565 ex
1743 2515 1961 2587 quinque
1983 2510 2092 2575 plus

1870 2589 2028 2636 quam
