2175 2911
716 124 922 175 «Ariadne
946 122 1088 185 Phyfic
1096 141 1136 172 a.
1645 136 1664 170 1
1675 120 1735 183 67

61 212 583 280 avide'queimbibito)
602 215 849 264 inclinatam
866 216 914 262 in
937 215 1169 278 aequilibrio
1186 213 1432 276 insistentem
1450 214 1648 278 reperies.
1693 216 1802 267 Cae-

60 280 254 335 terum,
304 280 411 331 uod
434 283 620 346 virgula
648 296 757 329 non
786 280 1051 330 inclinetur
1071 311 1085 332 ,
1107 279 1194 328 nisi
1227 280 1408 330 bisulca
1438 295 1452 332 3
1491 280 1635 341 quod
1668 294 1802 331 extra

59 359 238 394 manus
297 341 546 394 estituatur
571 346 750 395 virtute
771 377 784 398 ‚
820 338 1204 392 circumstantias
1225 344 1447 397 dixerim,
1468 357 1681 405 quarum
1701 359 1804 393 ma-

0 469 2 474 *
59 403 106 456 le
129 420 336 471 negatur
352 406 604 457 necessitas
625 439 638 461 ,
673 407 776 457 hoc
797 406 907 456 solo
926 405 1073 454 titulo
1103 437 1116 458 ‚
1153 421 1324 457 earum
1346 406 1486 456 causa
1499 408 1642 470 quod
1660 411 1803 472 igno-

0 483 2 523 ξ
57 483 209 520 retur.
287 470 465 519 Forsan
486 473 722 521 virtutem
742 479 1016 535 promovet
1036 481 1282 518 manuum
1311 471 1451 519 calor
1473 502 1487 524 ‚
1533 470 1654 520 cum
1679 487 1804 521 con-

0 544 1 547 ’
58 531 177 588 stet,
201 531 342 595 quod
361 534 537 584 eadem
565 534 783 598 Corylus
804 566 818 588 ‚
858 547 969 581 non
986 529 1074 579 nisi
1103 532 1335 582 calefaeca
1358 533 1404 581 se
1430 533 1605 597 sponte
1631 547 1801 599 gyret,

0 622 2 666 3
57 596 325 661 infixasqne
347 596 463 646 affet
480 598 692 648 aviculas
710 595 1021 661 paradoxum
1033 609 1172 664 veru:
1239 595 1338 645 Sed
1356 595 1461 645 haec
1474 613 1530 646 ex
1549 599 1714 647 alieno
1737 598 1805 655 iu·

60 660 193 710 dicio
219 694 231 715 ‚
269 676 443 709 meum
476 673 570 710 tuce
592 693 604 714 ‚
630 660 686 709 ut
710 676 794 724 par
816 658 884 708 est
910 693 923 713 ‚
959 659 1111 707 velim
1140 662 1386 707 tententiae
1416 663 1736 710 reservatum.

0 723 2 782 ξ
216 726 371 770 MEL:
408 723 915 771 Thesaurothericum
946 735 994 769 te
1021 720 1264 785 opinabar
1287 754 1300 775 ‚
1336 735 1439 770 tani
1467 725 1696 773 ardenter
1718 740 1805 773 co-

57 787 210 835 lurnae
234 786 432 849 virgulae
452 782 735 833 declamasti
764 786 1141 849 apologeticon.
1196 785 1369 847 Quam
1390 788 1440 832 in
1453 799 1645 849 partem
1669 789 1805 836 incli-

0 847 4 901 ἶ
57 862 145 898 net
166 866 248 899 me
269 848 483 910 Corylus
508 881 521 900 ‚
558 849 769 910 expedio
788 851 955 912 paucis
974 880 988 901 ‚
1018 847 1095 895 sed
1117 863 1210 912 pro
1241 847 1450 898 discursu
1475 881 1488 902 ‚
1524 851 1642 898 citra
1664 851 1804 899 litem

0 911 6 972 ἱ
54 907 394 961 scholasticam
416 941 429 963 ‚
465 924 529 958 ne
549 909 715 958 forsan
743 909 929 967 judicio
960 906 1237 976 postuleris.
1304 912 1627 976 Etimprimis
1645 914 1805 975 virgas

0 974 6 1036 1
53 974 374 1022 divinatorias
393 1005 407 1026 ‚
441 969 775 1044 superstitiosis
804 974 975 1023 ritibus
994 977 1266 1025 incantatas
1290 974 1393 1123 (ug
1404 975 1701 1038 plerumque
1722 975 1806 1024 fie-

0 1054 5 1124 3

2 1127 8 1162 1

1832 568 1990 625 Kircb.

2 1039 5 1092 Ϊ
51 1037 93 1086 ri
111 1072 125 1088 ,
155 1033 286 1084 testis
313 1033 381 1083 est
404 1039 700 1100 experientia
723 1035 746 1091 >
768 1053 877 1085 non
896 1038 1088 1100 pollere
1106 1038 1291 1088 viribus
1306 1072 1319 1093 ‚
1336 1055 1368 1087 n
1388 1039 1421 1088 fi
1445 1038 1689 1086 daemonis
1705 1054 1806 1104 ope

2 1096 5 1103 ’
53 1098 256 1148 suffultis
282 1133 295 1153 ‚
331 1114 388 1146 ac
411 1099 623 1163 proinde
645 1099 840 1148 illarum
862 1099 1004 1148 usum
1027 1102 1078 1149 δε
1103 1102 1317 1165 impium
1339 1133 1352 1154 ‚
1378 1101 1675 1165 &illicitum
1699 1135 1712 1156 ‚
1736 1099 1806 1150 est

57 1166 109 1212 in
129 1174 415 1227 comperto.
468 1161 606 1231 Qid
626 1164 761 1211 enim
787 1178 914 1227 opus
952 1165 1330 1212 incantamentis
1353 1164 1435 1217 ‚⁴s1
1473 1164 1682 1213 naturali
1705 1180 1806 1229 ope

4 1234 9 1292 3
56 1225 292 1275 effectum
312 1222 533 1289 praestare
559 1224 785 1289 possent?
822 1238 990 1289 patent
1023 1227 1169 1290 igitur
1197 1227 1333 1276 mille
1361 1227 1560 1276 fraudes
1580 1260 1592 1280 ‚
1624 1229 1804 1287 quibus

0 1297 8 1363 :3
54 1289 442 1339 circumforanei
467 1288 670 1352 Agyrtae
685 1321 697 1342 ,
720 1288 856 1336 bello
874 1301 1059 1337 naturae
1072 1289 1318 1339 schemate
1333 1290 1423 1339 sese
1440 1290 1802 1352 palliantsdum

0 1368 9 1420 {3
56 1355 244 1402 interea
264 1355 367 1402 auri
385 1351 505 1400 fuco
533 1351 724 1399 illedtos
743 1355 792 1402 ὅ(
809 1351 1060 1416 decipiunt
1079 1355 1284 1417 turpiter
1298 1386 1309 1405 ‚
1331 1356 1380 1403 &
1395 1352 1802 1418 aDaemoneipsi-
1856 1335 1996 1409 Joang

0 1422 9 1477 3
54 1429 162 1466 met
183 1416 369 1480 turpius
392 1416 718 1480 decipiuntur.
787 1415 843 1463 ld
863 1428 1032 1462 tamen
1048 1415 1140 1463 hac
1162 1420 1212 1463 in
1224 1417 1399 1480 Coryli
1422 1418 1507 1464 lite
1522 1448 1534 1469 ‚
1566 1432 1674 1464 non
1695 1418 1801 1481 pos-

0 1476 10 1533 ἦ
55 1481 164 1529 sum
187 1496 294 1528 non
314 1479 527 1527 tribuere
548 1480 807 1528 Neoterici
836 1477 1092 1534 cujusdam
1120 1481 1325 1542 ingenio
1346 1511 1359 1532 ,
1396 1494 1549 1541 quem
1579 1480 1802 1529 eruditos
1843 1462 2017 1533 Haldqn

0 1542 11 1606 3}
52 1546 181 1592 inter
205 1541 538 1606 Philosophos
559 1544 825 1606 praeprimis
846 1557 1065 1590 veneror
1086 1574 1098 1593 ‚
1136 1539 1278 1604 quod
1303 1540 1509 1607 seposita
1520 1539 1692 1605 Magia
1713 1541 1806 1606 sty-
1829 1519 1940 1581 333·
1969 1538 2022 1571 ²⁷⁸

0 1609 12 1673 33
51 1605 134 1673 gia
156 1640 169 1661 ,
205 1606 261 1656 fit
283 1605 567 1654 verosimile
591 1639 603 1660 ‚
624 1605 914 1667 Corylaceae
940 1605 1140 1670 virgulae
1159 1605 1223 1653 ad
1242 1606 1504 1655 Mineralia
1524 1607 1805 1655 inclinatio-

0 1667 11 1732 [ξ
54 1686 175 1720 nem
203 1682 390 1718 naturae
419 1668 749 1717 conformem
773 1701 786 1722 ‚
822 1681 973 1731 atque
997 1667 1154 1722 adeo,
1176 1669 1398 1726 ejusdem
1421 1669 1673 1719 beneficio
1694 1685 1805 1724 ‚ve-
1857 1648 1968 1709 PM·

54 1749 140 1782 nas
162 1732 429 1782 metallicas
451 1764 464 1784 ‚
493 1738 550 1780 ac
573 1732 828 1781 thesauros
852 1732 1014 1796 detegi
1036 1731 1173 1796 posse
1194 1766 1206 1786 ‚
1244 1748 1300 1781 ac
1334 1734 1563 1782 inveniri.
1663 1733 1810 1786 Audi,

9 1802 14 1847 l
55 1799 105 1846 in
125 1812 297 1861 pugno
318 1829 330 1850 ,
349 1795 491 1857 quod
514 1796 594 1844 ille
618 1798 668 1844 in
691 1795 875 1860 palma.
912 1796 1237 1860 Hydrargyro
1260 1812 1495 1845 amorem
1512 1813 1629 1845 cum
1651 1813 1777 1846 auro
1792 1830 1806 1852 ‚

0 1861 14 1920 ξς
53 1855 328 1923 argentove
348 1859 711 1922 sympathicum
730 1891 741 1911 ‚
779 1862 1125 1923 experimentis
1145 1856 1431 1909 contestatae
1453 1859 1595 1911 fidei,
1626 1861 1808 1924 probat

0 1926 14 1974 εἱ
51 1924 307 1975 schottus.
355 1920 499 1971 Idem
512 1922 873 1988 Hydrargyron
891 1925 942 1972 in
962 1922 1147 1973 fodinis
1170 1923 1426 1972 metallicis
1448 1925 1677 1979 inveniri,
1700 1925 1810 1975 Au—

0 1989 14 2049 t}
53 1987 173 2036 thor
197 1983 264 2033 est
282 1988 576 2035 Honoratus
601 1987 739 2035 Fabri
764 2004 773 2034 :
812 2000 1017 2036 motum
1041 1986 1164 2037 vero
1185 1987 1327 2043 hujus
1349 1988 1584 2045 Mercurij
1610 1990 1808 2037 excitari

0 2056 15 2115 33
55 2051 225 2100 calore
238 2082 252 2102 7
267 2050 481 2115 Hagelio
494 2046 562 2098 est
576 2051 889 2114 exploratum
906 2084 918 2104 ‚
941 2051 1083 2112 quod
1103 2049 1294 2101 norunt
1313 2050 1508 2114 ipfimet
1526 2051 1808 2115 quoquir-

51 2114 301 2163 culatores
320 2146 333 2167 ‚
367 2114 453 2176 qui
470 2113 678 2177 panibus
701 2114 944 2162 inclusum
971 2116 1286 2164 Mercurium
1302 2147 1314 2168 ‚
1340 2113 1471 2162 furni
1491 2116 1660 2164 calore
1681 2115 1806 2165 dum

53 2179 280 2226 animant
302 2209 315 2230 ‚
338 2180 482 2224 miras
504 2176 613 2225 rudi
635 2177 904 2239 plebeculae
935 2178 1168 2226 exhibent
1185 2177 1410 2227 choreas.
1478 2179 1717 2241 Denique
1736 2195 1806 2228 ar-

13 2273 17 2279 .
53 2252 264 2305 gentum
287 2239 387 2289 hoc
411 2241 585 2289 vivum
612 2244 737 2289 intra
759 2241 878 2303 ipsas
898 2242 1099 2290 arbores
1115 2242 1653 2302 nonnunquamlatere
1675 2240 1803 2291 testis
1830 2216 2044 2276 l·3·M⁶²g‘

0 2281 19 2366 11
53 2300 125 2369 cst
146 2305 325 2366 Magiae
350 2302 562 2367 Phyficae
583 2303 748 2352 cultor
766 2303 1059 2354 Kircherus:
1087 2305 1292 2367 siquidem
1308 2338 1320 2359 ‚
1342 2307 1532 2367 inquit,
1549 2318 1631 2367 per
1638 2306 1804 2364 subter·
1829 2292 1901 2326 ⁷¹⁶²*
1905 2289 2022 2340 ‘1⁷‘5‘

0 2338 19 2422 ,11
53 2382 230 2415 raneum
258 2367 390 2419 aestum
415 2365 652 2426 rarefac'ius
672 2368 920 2414 Mercurius·
940 2401 952 2423 ,
979 2381 1057 2430 per
1076 2369 1361 2431 fiaebtiliffimaevs
1393 2374 1524 2417 rimaes
1544 2406 1557 2421 ,
1582 2373 1700 2416 viam
1718 2367 1803 2426 fibi

0 2424 19 2476 2⁴3
49 2428 215 2491 faciens
239 2431 530 2491 evaporando,
551 2433 667 2478 inter
692 2430 849 2492 roscida
870 2431 1068 2478 arborum
1085 2430 1198 2491 fblia
1226 2431 1494 2486 constriflus,
1509 2433 1592 2490 fitae
1615 2434 1802 2478 Naturae

6 2491 22 2559 1
55 2493 328 2547 restituitur,
360 2497 475 2540 inter
494 2498 694 2541 corticem
712 2493 879 2540 arboris
901 2506 1103 2556 receptm.
1172 2499 1289 2542 Hinc
1318 2499 1500 2560 quaedam
1529 2494 1661 2544 herbae
1674 2493 1800 2554 fitper

18 2570 21 2587 ··
56 2559 289 2607 mineralia
315 2558 543 2617 crescentes
558 2592 573 2612 ,
595 2559 793 2607 dicuntur
805 2558 998 2618 glaciare
1016 2561 1304 2612 Mercurium.
1370 2562 1446 2613 En
1465 2562 1481 2610 .'
1501 2560 1654 2613 habes
1683 2571 1799 2619 prae-

0 2639 22 2706 ξε
1572 2621 1733 2673 missas

2 2706 10 2728 ἱ
