2175 2911
399 119 488 167 142
962 102 1140 167 Virgula
1167 103 1384 167 Morphei.

165 235 210 267 a,
333 205 504 253 Poetae
560 207 740 252 oterat.
807 212 851 248 a.
877 200 958 246 Me
976 200 1096 248 docet
1124 201 1209 262 ipsa
1227 201 1355 248 Pales
1373 196 1660 265 <Angelum
1681 210 1824 266 putat
1840 200 2088 258 Theodo2
2154 221 2156 246 :

86 280 282 342 calpurn.
337 278 470 315 retus
483 279 525 311 2.
573 265 734 312 cultum
751 265 920 324 gregis:
955 277 1006 311 ut
1022 267 1141 324 niger
1163 263 1264 311 albae
1284 277 1406 323 terga
1429 267 1618 311 maritus
1636 267 1728 311 oviae
1748 265 1930 323 nafienti
1951 279 2090 314 mutet
2154 287 2157 325 5

88 346 233 402 Eclog.
251 348 296 381 2,
335 333 379 376 in
399 343 522 390 agna.
562 322 930 378 Demonstrant
955 339 1036 377 tot
1057 325 1300 392 stigmata,
1322 342 1433 390 quae
1459 324 1487 375 a
1509 340 1857 393 praegnantum
1881 327 2088 393 phanta-
2154 362 2157 367 -

171 421 215 453 2,
337 393 490 441 smatc
511 391 781 441 infantibus
805 389 1050 456 impressa,
1068 390 1300 455 quotidie
1321 390 1480 439 oculis
1503 390 1816 456 usurpamus:
1853 388 2092 441 testantur

87 473 233 530 233,
260 464 303 508 in
339 453 574 510 historiae,
601 469 765 518 3.quae
789 453 816 503 a
837 454 1095 507 matribus,
1114 454 1307 519 aspcstu
1327 453 1622 503 animalium
1645 456 1988 509 territis,nunc
2007 456 2093 519 gli-
2153 485 2157 511 1

87 538 198 580 Gen,
339 522 401 569 ris
417 553 430 573 ,
456 534 592 568 nunc
615 517 709 568 ursi
725 552 738 573 ,
765 518 847 567 vel
868 516 1242 582 simiaecstypon
1270 514 1500 581 prodiisse
1516 549 1528 570 ‚
1551 515 1852 566 authoritate
1879 515 2093 566 minime
2154 527 2158 560 ἐ

173 609 215 654 3,
338 584 528 648 vulgari
547 582 826 648 perhibent,
844 584 893 632 ὅ(
909 582 1188 630 observant.
1257 582 1282 639 J
1290 597 1372 629 am
1401 595 1584 644 corpus
1602 581 1932 644 imaginantis,
1948 581 2091 643 quod

88 661 246 708 Demo
337 650 529 702 attinet,
540 661 698 695 nemo
718 641 864 694 facile
886 646 1026 696 Divo
1038 644 1258 694 Thomas
1270 658 1317 703 4.
1334 642 1591 696 diss'entiet,
1605 643 1739 701 juxta
1756 658 1915 707 quem
1940 644 2092 693 facul-
2154 646 2163 706 ᾖ

88 725 118 770 ι,
141 737 178 769 1,
336 723 408 760 tas
427 706 732 776 phantastica
753 711 803 758 in
832 724 915 763 ea,
939 723 1048 772 quae
1082 709 1292 757 naturali
1316 707 1495 756 ordine
1523 707 1592 755 illi
1620 705 1905 760 cohaerent,
1928 705 2091 771 potest
2155 723 2158 759 3

167 799 214 845 4,
337 777 539 827 omnia3
561 776 614 822 in
638 788 720 828 ea,
743 787 854 837 quae
874 774 1183 824 inconnexa,
1214 768 1377 836 potest
1398 767 1618 819 omnino
1642 769 1782 819 nihil.
1882 771 2094 820 Phanta-
2154 767 2163 835 Ξ

86 850 132 899 c,
151 862 193 910 3,
210 863 298 914 (Μ,
331 837 402 895 fia
429 834 564 887 certe
587 852 698 888 non
721 837 934 892 adjicere
953 836 1138 900 poterit
1166 831 1355 883 staturae
1381 846 1475 882 tuae
1496 833 1723 882 cubitum
1747 850 1935 887 unum,
1969 834 2092 882 alios
2155 846 2161 891 Ξ

332 914 511 949 tamen
532 902 744 965 poterit,
766 895 958 961 cosque
981 898 1048 947 sat
1072 900 1229 946 miros
1245 900 1297 946 in
1323 912 1540 962 corpore
1556 897 1840 961 producere
1869 896 2088 945 effeetus.
2153 907 2158 922 ‘

331 966 477 1022 *Nam
504 964 639 1028 finge
658 963 747 1012 tibi
777 961 1075 1015 hominem,
1100 961 1270 1023 quales
1300 960 1396 1009 css'e
1433 961 1594 1008 solent
1626 959 1987 1013 Nodtambuli,
2012 962 2094 1008 cui

335 1026 664 1092 apprehensio
702 1025 1005 1079 vehemens,
1038 1027 1160 1072 acris
1188 1025 1483 1084 imaginatio
1507 1054 1520 1074 ,
1545 1023 1626 1069 cui
1658 1023 1969 1085 perturbatio
2000 1022 2096 1071 fre-

334 1105 522 1152 quens3
558 1091 609 1136 in
627 1089 731 1137 hoc
747 1087 801 1141 fi,
815 1084 973 1150 sopita
995 1087 1148 1133 etiam
1167 1097 1358 1137 mente,
1379 1084 1471 1131 sese
1498 1084 1667 1132 levent
1685 1082 2041 1148 phantasmata,
2059 1085 2097 1140 sl
2154 1094 2158 1126 ὲ

335 1154 459 1199 vivis
480 1150 737 1199 coloribus
758 1147 1068 1202 r'es‚sens1bus
1092 1143 1637 1200 haustas‚adumbrent,
1659 1147 1948 1198 excitabitur
1970 1162 2101 1198 mox
2154 1176 2157 1178 ·

335 1215 581 1277 appetitus
600 1212 664 1260 ad
683 1213 945 1263 timorem,
968 1210 1047 1259 vel
1070 1209 1133 1256 ad
1154 1225 1406 1262 amorem,
1429 1225 1564 1258 nunc
1585 1209 1647 1257 ad
1666 1211 1810 1264 iram,
1831 1211 1910 1260 vel
1927 1214 1994 1262 ad
2014 1214 2094 1260 tri·
2154 1219 2161 1235 ²

335 1273 543 1324 stiriam:
581 1275 655 1323 his
675 1274 900 1325 motibus
918 1274 1019 1328 iam
1035 1274 1174 1325 aliter
1198 1284 1347 1336 atque
1365 1274 1506 1324 aliter
1530 1271 1759 1327 asscitus,
1783 1289 1920 1323 nunc
1940 1275 2094 1340 frigo·
2154 1275 2158 1323 ζ

335 1355 389 1387 rc
411 1338 658 1403 torpebit,
689 1341 739 1388 ὃς
757 1335 1087 1401 impallescet‚
1108 1351 1245 1383 nunc
1270 1337 1440 1384 calore
1467 1336 1707 1390 rubescet‚
1728 1350 1882 1400 atque
1901 1340 2089 1392 exiliet:
2155 1387 2157 1391 ,

337 1417 473 1451 nunc
502 1403 765 1465 loquetur,
784 1414 924 1448 ⁴nunc
948 1398 1263 1463 operabitur,
1290 1415 1425 1448 nunc
1446 1399 1706 1456 objeuum
1736 1401 2090 1465 prosequetur,

335 1466 417 1513 vel
440 1465 612 1529 fugiet,
637 1478 746 1526 quae
767 1463 942 1511 omnia
958 1464 1011 1514 in
1021 1463 1072 1510 N
1078 1461 1378 1512 oetambulis
1398 1465 1674 1517 cernimus,
1696 1466 1747 1513 ὅς
1765 1464 2089 1514 admiramur.
2154 1466 2159 1521 ’ἶ

463 1528 660 1583 LEUC:
728 1527 786 1574 In
814 1537 1044 1574 mentem
1067 1521 1151 1572 hic
1172 1524 1296 1574 mihi
1316 1528 1454 1575 venit
1473 1526 1762 1592 symptoma
1782 1528 1931 1579 aliud,
1947 1529 2091 1593 quod
2156 1536 2158 1580 i

336 1603 447 1638 non
466 1591 533 1638 ita
562 1589 756 1654 pridem
778 1588 1115 1636 somniantem
1132 1588 1437 1637 turbaverat.
1515 1590 1847 1638 Somniabam
1865 1624 1877 1644 ‚
1904 1592 2090 1646 nescio,

338 1667 461 1714 quas
488 1655 699 1716 ingratas
722 1667 841 1700 cum
862 1648 1083 1700 Hecatca
1104 1666 1235 1699 nuru
1256 1652 1419 1714 aliqua
1439 1654 1583 1700 rixas:
1621 1653 1841 1700 luctabar
1863 1656 2092 1710 inaniter,
2154 1659 2163 1716 ,ἶ

338 1715 688 1769 εοηῇἰᾶεὼπ,
711 1714 793 1763 sed
821 1714 922 1762 fine
946 1714 1155 1766 viribu83
1179 1715 1396 1763 clamare
1421 1715 1685 1778 parabam,
1709 1714 1791 1764 scd
1813 1731 1923 1764 non
1950 1730 2093 1781 potc-
2154 1718 2161 1779 j„

339 1794 474 1830 ram,
497 1780 615 1841 quia
643 1776 897 1843 oppressus
920 1775 949 1826 a
977 1776 1204 1841 pondere
1228 1777 1534 1830 incubantis,
1568 1793 1626 1826 ac
1654 1793 1842 1827 vocem
1858 1812 1870 1832 ‚
1892 1781 1942 1829 ὅς
1964 1777 2092 1844 pene

341 1841 370 1889 s
394 1844 564 1895 iritum
585 1837 927 1905 strangulantis
939 1840 1186 1889 Canidiae:
1224 1840 1346 1903 quid
1365 1840 1487 1903 quid
1507 1839 1579 1894 sit,
1603 1840 1845 1897 dejeuam
1871 1857 1926 1889 ex
1948 1842 2094 1893 hirco

341 1907 356 1953 1
385 1907 539 1969 rigem
554 1938 566 1958 ‚
587 1904 755 1954 rebar,
781 1904 1097 1957 edentulam,
1118 1918 1228 1966 quae
1252 1903 1397 1952 versis
1417 1906 1468 1952 in
1493 1920 1578 1952 mc
1596 1904 1748 1959 furijs,
1766 1904 1945 1957 infami
1964 1921 2092 1970 pon·
2158 1923 2159 1926 ¹

343 1969 458 2016 dere
477 1983 586 2017 non
607 1980 713 2016 tam
733 1967 1007 2015 lustantcm
1039 1979 1290 2031 premeret
1311 2000 1325 2022 ‚
1356 1966 1510 2029 quam
1536 1970 1866 2031 opprimeret.
1931 1971 2091 2022 MEL:
2120 2010 2126 2012 .
2155 1965 2159 1974 ’

342 2031 496 2095 Vulgi
529 2045 698 2079 errore
732 2029 963 2095 abriperis
987 2046 999 2082 3
1064 2044 1218 2091 quam
1246 2042 1301 2078 tu
1328 2031 1602 2079 volaticam
1641 2031 1914 2079 Camillam
1940 2029 2093 2081 existi-

342 2108 451 2142 mas
475 2126 487 2147 ,
526 2109 690 2157 graeco
722 2096 936 2142 nomine
969 2091 1250 2163 Ephialtem
1281 2092 1572 2159 Philosophi
1612 2095 1912 2143 nominant:
1950 2095 2095 2158 quod

340 2157 629 2221 symptoma
654 2152 998 2221 gastrimargia:
1019 2159 1162 2206 suum
1182 2156 1332 2205 debet
1351 2157 1717 2221 horoscopum.
1763 2159 1903 2207 Nam
1918 2159 2001 2207 ubi
2023 2158 2092 2207 af·
2168 2182 2175 2197 ι

342 2220 451 2269 fluit
474 2219 696 2267 alimenti
720 2217 906 2267 satietas
921 2253 934 2274 ,
954 2221 1116 2283 impar
1132 2220 1299 2268 culina
1320 2216 1405 2274 est,
1424 2220 1702 2269 succumbit
1724 2220 1886 2269 labori
1908 2218 2092 2270 stoma-
2169 2250 2175 2260 ·

344 2282 491 2336 chus,
514 2281 647 2330 unde
671 2282 801 2329 mala
827 2284 1128 2331 concoctio:
1161 2284 1287 2346 quid
1314 2299 1437 2347 ergo
1469 2285 1684 2339 mirum,
1704 2282 1737 2333 si
1771 2285 1910 2332 crudi
1937 2300 2091 2348 vapo-
2163 2328 2167 2331 .

344 2360 447 2399 res,
478 2343 512 2393 si
542 2344 732 2408 sanguis
770 2342 981 2394 minime
1011 2346 1275 2395 defaecatus
1297 2380 1311 2401 ,
1342 2347 1379 2401 fi
1413 2347 1599 2412 spiritus
1629 2347 1826 2397 obscuri
1854 2350 1903 2395 ὃς
1929 2348 2089 2395 tetrici
2164 2364 2167 2386 J

344 2407 558 2463 evadant
575 2409 629 2463 in
650 2407 913 2463 cerebrum
930 2440 942 2461 ‚
963 2407 995 2455 s1
1017 2409 1106 2458 suo
1131 2411 1358 2474 pondere
1383 2422 1677 2475 aggravent,
1701 2413 1751 2458 ὅ(
1784 2409 1922 2456 velut
1949 2410 2086 2458 incu-
2162 2437 2166 2448 ι

95 2485 151 2533 L.
174 2482 223 2528 de
245 2477 310 2522 di·
343 2472 394 2520 bi
413 2468 678 2524 terrificam
698 2483 943 2520 moveant
965 2472 1234 2521 somnianti
1257 2474 1559 2538 imaginem?
1594 2471 1807 2521 accedit,
1831 2467 1976 2533 quod
1995 2472 2087 2520 ob-

95 2551 244 2596 vium.
265 2552 306 2586 1.
342 2535 565 2587 servante
597 2531 908 2599 Philosopho
932 2567 945 2591 ,
982 2550 1040 2587 ea
1073 2550 1182 2600 quae
1200 2537 1505 2590 somniantes
1538 2534 2088 2646 percipimus,lmaj9ra

591 2617 593 2621 ⁴
1727 2613 1734 2618 ·
1885 2612 2019 2662 onge
