2175 2911
791 104 972 165 Wrgnla
995 105 1244 160 Pharaonis,
1760 113 1822 171 67

134 203 210 253 ⁴est
232 203 421 269 abyffirs
443 236 457 259 ,
476 202 528 252 in
544 213 703 264 »quam
727 198 772 249 se
793 201 1095 264 praecipirem
1129 204 1228 264 agit
1258 201 1490 254 humanae
1519 204 1700 255 mentis
1716 240 1728 260 ,
1745 210 1892 257 verti-

134 271 309 332 ginem
332 267 480 316 semel
499 263 664 329 paffae,
684 262 958 311 infirmitas„
1060 265 1145 316 Et,
1169 265 1288 325 quid
1307 279 1464 330 putas,
1488 269 1733 333 promissis
1752 269 1889 326 *adeo

122 331 420 379 ‘execrandis
441 328 744 391 repromittit
774 327 1240 379 dae11101],licitator
1270 341 1372 377 tam
1407 346 1582 381 avarus
1614 335 1664 381 in
1700 346 1890 383 morta-

131 394 259 443 lium
295 389 578 442 commoda
607 421 620 442 ,
678 389 833 452 quam
865 390 1072 438 liberalis
1100 392 1151 438 in
1184 390 1367 440 damna
1397 394 1411 440 ἒ
1448 396 1591 446 audi,
1634 399 1682 446 <Sc
1715 394 1887 446 obstu-

132 457 301 521 pesce:
338 455 732 514 homini,quem
754 449 889 501 hisce
908 456 1097 517 peccati
1117 456 1322 502 vinculis
1343 458 1438 511 jam
1467 454 1583 507 vere
1604 471 1739 506 tenet
1766 475 1889 509 eon-

134 516 382 571 stridtum,
408 522 458 568 ὃς
484 518 581 580 ipse
606 529 818 570 mutuo,
842 517 922 565 sed
952 529 1120 563 tamen
1149 515 1296 569 ficto,
1317 518 1408 566 sese
1439 520 1634 569 foedere
1664 522 1889 586 obligat,

131 594 312 646 utpote
332 596 439 644 quo
462 581 672 643 obligari
702 595 866 642 neque
896 582 1054 644 cupit,
1077 590 1244 641 neque*
1262 584 1410 629 etiam
1432 581 1609 646 potest.
1711 585 1888 634 Foede-

130 648 244 693 ratis
269 645 501 709 spondet,
526 644 570 692 se
592 640 767 705 praesto
791 644 979 707 semper
1002 642 1254 696 fut-urum,
1277 644 1453 692 scilicet
1471 659 1526 694 ut
1551 648 1750 702 illudat,
1774 663 1888 697 non

128 709 288 765 iuvet:
327 712 456 756 votis
479 708 845 755 velificaturum
870 708 915 754 se
936 705 1116 758 asserit,
1146 705 1178 753 si
1198 705 1288 753 fint
1308 707 1370 753 ad
1390 721 1532 756 vota:
1570 711 1750 772 gaudia
1770 727 1887 774 pro-

126 769 801 833 mittit,nempeillusionibus
817 770 983 831 plena:
1002 769 1224 832 opes,sed
1237 772 1284 816 in
1300 773 1413 818 aere
1436 771 1699 824 conficta&
1720 773 1889 821 hono-

130 832 622 887 res,sedinPhantafia
637 831 912 879 formatos·:
935 832 1318 894 voluptatesd'ed
1333 835 1642 896 imaginarias
1660 852 1669 881 :
1689 836 1890 884 felicita-

128 908 236 943 tem
259 899 408 943 etiam
434 892 545 958 post
573 896 685 942 Fata
707 895 995 944 duraturam
1011 927 1022 948 ,
1046 896 1125 943 sed
1144 911 1329 959 nempe
1354 896 1712 959 chymericam.
1821 900 1886 947 Et

128 955 266 1007 hisce
296 958 497 1014 :fallaciis
525 959 635 1006 illos
665 973 874 1020 quoque
904 958 1030 1006 fallit
1053 956 1328 1023 impostor,
1351 963 1437 1021 qui
1466 975 1573 1007 non
1602 961 1784 1023 ignari,
1808 960 1891 1008 vel

129 1018 464 1085 superstitiosis
488 1033 692 1068 utuntur
719 1020 876 1082 signis,
897 1022 976 1070 vel
997 1021 1131 1082 quasi
1155 1022 1283 1078 inscij
1308 1023 1474 1071 media
1498 1022 1753 1076 adhibent,
1779 1038 1889 1085 quae

128 1099 222 1132 nec
244 1084 410 1131 divina
426 1116 438 1135 ,
463 1099 554 1130 nec
578 1085 784 1129 naturali
808 1085 985 1131 virtute
1012 1084 1183 1131 vident
1202 1087 1400 1132 intento
1425 1085 1512 1132 fini
1534 1089 1890 1148 proportiona-

128 1159 205 1200 ta,
230 1142 462 1207 adeoque
482 1146 645 1210 pasto,
671 1144 725 1192 [it
747 1145 926 1207 phralis
948 1143 1232 1193 scholastica
1251 1146 1418 1199 habet,
1438 1149 1686 1209 implicito
1708 1150 1885 1212 Stygiis

131 1210 454 1265 commercijs
486 1211 530 1256 se
560 1207 869 1255 inimilhent:
923 1208 1065 1254 nullo
1098 1208 1262 1255 forsan
1292 1209 1568 1257 discrimine
1590 1242 1601 1262 ,
1626 1209 1711 1257 nifi
1739 1211 1888 1272 quod.

130 1272 196 1321 fic
217 1273 449 1320 fallantur
470 1270 777 1334 frequentius
795 1304 812 1325 ,
848 1267 1076 1332 aliosque
1108 1271 1194 1319 sub
1225 1271 1492 1321 securitatis
1520 1271 1772 1321 schemate
1799 1274 1887 1324 fal-

131 1336 236 1385 lant
265 1351 474 1398 quoque
495 1332 699 1383 faciliuS.

262 1400 457 1449 LEUC:
529 1399 596 1448 Ut
612 1397 791 1448 video,
813 1396 879 1444 sat
906 1395 1157 1460 profunda
1176 1399 1356 1461 Magiae
1386 1399 1495 1447 sunt
1520 1399 1882 1456 fundamenta,

125 1465 248 1526 -quia
269 1464 315 1509 in
338 1464 461 1510 Orci
480 1459 636 1525 polita
658 1459 850 1524 abysso.
920 1462 980 1508 Et
1001 1460 1122 1521 quid
1140 1464 1344 1512 mirum,
1359 1461 1394 1509 fi
1418 1465 1543 1509 mira
1565 1461 1746 1510 efficiat
1766 1464 1884 1516 Ars,

126 1537 233 1574 tam
256 1522 458 1573 scelestis
484 1527 593 1571 nixa
622 1524 896 1587 principijs?
931 1522 982 1570 id
1005 1523 1103 1579 jam
1133 1523 1251 1570 scire
1273 1540 1626 1588 percuperem,
1648 1540 1754 1586 quo
1776 1527 1885 1586 quis

128 1589 292 1652 lapide
321 1589 484 1651 Lydio
510 1586 710 1635 effectus
735 1589 914 1650 Magiae
948 1588 1111 1635 varios
1144 1599 1295 1648 queat
1321 1587 1593 1635 discernere
1619 1600 1729 1635 tum
1757 1589 1887 1637 inter

130 1652 203 1704 se,
226 1664 337 1699 tum
357 1652 417 1698 ab
438 1651 544 1702 illis,
569 1665 698 1712 quos
719 1652 767 1699 N
775 1662 940 1702 aturae,
961 1650 1040 1698 vel
1061 1649 1198 1698 Artis
1215 1646 1467 1703 industria,
1488 1662 1573 1698 aut
1595 1652 1744 1697 etiam
1769 1665 1886 1714 pro-

128 1714 314 1778 digiosa
351 1711 602 1778 Superum
643 1725 879 1777 operatur
922 1715 1091 1762 virtus,
1114 1744 1117 1747 π
1192 1715 1348 1760 MEL:
1452 1715 1689 1779 Qiatuor
1716 1711 1882 1761 claffes

131 1777 412 1827 Academia
434 1779 634 1840 Magica
666 1789 923 1828 numeram
960 1778 1143 1838 quaevis
1177 1776 1362 1825 diversa
1397 1776 1480 1824 dat
1501 1777 1640 1824 Artis
1665 1775 1757 1823 suae
1782 1776 1882 1839 spe-

129 1842 336 1887 cimina:
373 1840 479 1887 sunt
494 1873 506 1892 ,
528 1855 656 1902 quos
677 1840 886 1887 delectat
908 1837 1110 1888 effectus
1136 1841 1264 1894 miri,
1285 1840 1365 1888 vel
1391 1842 1635 1903 cognitio,
1658 1839 1738 1888 vel
1761 1853 1881 1903 ope-

132 1904 258 1951 ratio
275 1934 287 1954 ,
313 1906 361 1951 <Sc
382 1902 431 1950 hi
451 1905 606 1962 Magiae
626 1904 797 1964 speciali
823 1919 1032 1967 operam
1056 1916 1242 1952 navant
1265 1920 1274 1949 :
1311 1906 1537 1951 nituntur
1559 1903 1636 1958 alii
1651 1917 1726 1949 res
1749 1902 1883 1951 futu-

132 1981 232 2015 ras,
256 1967 517 2028 praeteritas
532 2001 542 2016 ,
565 1967 644 2015 vel
669 1967 817 2014 etiam
839 1966 1093 2030 praesentes
1113 1966 1443 2029 cognoscere,
1465 1964 1545 2012 sed
1569 1965 1808 2018 occultas,
1829 1968 1882 2016 ὃς

134 2040 344 2076 conatus
366 2025 452 2074 iste
474 2031 707 2075 Divinatio
735 2031 1051 2078 nominatur:
1089 2029 1184 2076 hos
1213 2029 1347 2084 juvat
1383 2024 1587 2080 instrui,
1616 2031 1666 2077 ὅ(
1695 2027 1878 2085 juvari,

129 2107 240 2140 non
267 2103 321 2139 ut
353 2089 539 2154 prosint
561 2124 574 2144 ,
604 2092 684 2139 sed
712 2107 958 2145 noceant,
980 2091 1031 2138 hi
1064 2089 1267 2148 maleficio
1301 2088 1524 2140 student:
1561 2091 1630 2138 illi
1663 2090 1883 2154 denique

131 2153 482 2218 cupiunt,fine
507 2170 665 2208 noxa,
694 2155 806 2206 sibi,
830 2156 905 2204 vel
933 2153 1031 2209 alijs
1059 2152 1312 2216 prodeffe,
1341 2155 1422 2202 seu
1449 2154 1613 2218 operis
1643 2154 1879 2208 utilitate,

130 2218 212 2266 seu
245 2218 531 2281 voluptate,
558 2220 608 2266 <Sc
629 2217 681 2266 hi
699 2234 815 2262 vanae
844 2217 951 2265 sunt
976 2216 1128 2264 dediti
1148 2215 1443 2274 Obfiervantiae.
1544 2216 1674 2264 Illud
1692 2217 1881 2266 altioris

132 2280 399 2343 indaginis,
423 2283 654 2343 detegere
675 2279 1010 2327 characterem
1028 2313 1040 2333 ,
1071 2295 1176 2342 quo
1206 2280 1341 2335 velut
1362 2280 1549 2328 indicio
1577 2278 1762 2343 fignata
1789 2296 1880 2327 no·-

131 2342 227 2392 scas
257 2345 435 2406 Magiae
462 2359 631 2406 opera.
701 2343 790 2391 An
816 2342 1001 2404 aliquid
1020 2342 1155 2391 Artis
1182 2341 1414 2391 humanae
1442 2338 1758 2394 industriam,
1791 2350 1876 2388 aut

135 2406 336 2456 Naturae
369 2405 560 2469 superet
583 2405 900 2459 facultatem,
937 2406 1016 2454 vel
1037 2405 1065 2453 Ξ).
1087 2405 1290 2457 medio,
1318 2406 1465 2468 quod
1486 2407 1647 2469 Stygis
1674 2403 1875 2452 adhibet

137 2467 423 2521 foederatus,
438 2468 515 2518 vel
535 2467 562 2516 a
583 2468 747 2518 modo
773 2468 940 2517 licebit
965 2468 1216 2534 colligere.
1282 2470 1335 2518 Si
1358 2470 1674 2525 res‚effestui
1691 2463 1880 2535 produ-

142 2532 300 2582 cendo
328 2531 574 2589 adhibita,
593 2532 871 2582 naturalem
894 2531 1089 2649 superet
1119 2536 1535 2600 proportionem,
1567 2531 1880 2640 fivg·1i{³m¹m

865 2604 871 2611 '
1006 2610 1036 2644 2
1674 2608 1688 2641 i
1733 2605 1816 2640 an-
