<?xml version="1.0" encoding="UTF-8"?>
<!DOCTYPE html PUBLIC "-//W3C//DTD XHTML 1.0 Transitional//EN"
    "http://www.w3.org/TR/xhtml1/DTD/xhtml1-transitional.dtd">
<html xmlns="http://www.w3.org/1999/xhtml" xml:lang="en" lang="en">
 <head>
  <title>
</title>
<meta http-equiv="Content-Type" content="text/html;charset=utf-8" />
  <meta name='ocr-system' content='tesseract 3.04.00' />
  <meta name='ocr-capabilities' content='ocr_page ocr_carea ocr_par ocr_line ocrx_word'/>
</head>
<body>
  <div class='ocr_page' id='page_1' title='image "./nostritemporisph00schw/nostritemporisph00schw_0465.png"; bbox 0 0 2175 2911; ppageno 0'>
   <div class='ocr_carea' id='block_1_1' title="bbox 668 102 1745 168">
    <p class='ocr_par' dir='ltr' id='par_1_1' title="bbox 668 102 1745 168">
     <span class='ocr_line' id='line_1_1' title="bbox 668 102 1745 168; baseline 0.005 -18"><span class='ocrx_word' id='word_1_1' title='bbox 668 148 671 150; x_wconf 80' lang='grc'>.</span> <span class='ocrx_word' id='word_1_2' title='bbox 731 103 927 152; x_wconf 81' lang='lat' dir='ltr'><em>Ariadne</em></span> <span class='ocrx_word' id='word_1_3' title='bbox 946 102 1134 166; x_wconf 74' lang='lat' dir='ltr'>Physica.</span> <span class='ocrx_word' id='word_1_4' title='bbox 1659 116 1745 168; x_wconf 79' lang='lat'>173</span> 
     </span>
    </p>
   </div>
   <div class='ocr_carea' id='block_1_2' title="bbox 0 196 2029 2679">
    <p class='ocr_par' dir='ltr' id='par_1_2' title="bbox 0 196 2029 2679">
     <span class='ocr_line' id='line_1_2' title="bbox 17 196 1812 266; baseline 0 -17"><span class='ocrx_word' id='word_1_5' title='bbox 17 205 19 208; x_wconf 82' lang='grc'>’</span> <span class='ocrx_word' id='word_1_6' title='bbox 69 196 322 266; x_wconf 72' lang='lat' dir='ltr'>profesto,</span> <span class='ocrx_word' id='word_1_7' title='bbox 345 208 429 249; x_wconf 87' lang='lat' dir='ltr'>aut</span> <span class='ocrx_word' id='word_1_8' title='bbox 447 208 733 263; x_wconf 87' lang='lat' dir='ltr'>putaremus</span> <span class='ocrx_word' id='word_1_9' title='bbox 755 196 1097 251; x_wconf 84' lang='lat' dir='ltr'>mendacium,</span> <span class='ocrx_word' id='word_1_10' title='bbox 1119 209 1203 248; x_wconf 88' lang='lat' dir='ltr'>aut</span> <span class='ocrx_word' id='word_1_11' title='bbox 1224 198 1356 250; x_wconf 76' lang='lat' dir='ltr'>certe</span> <span class='ocrx_word' id='word_1_12' title='bbox 1377 199 1592 252; x_wconf 75' lang='lat' dir='ltr'>nimium</span> <span class='ocrx_word' id='word_1_13' title='bbox 1613 202 1812 250; x_wconf 85' lang='lat' dir='ltr'>mirare-</span> 
     </span>
     <span class='ocr_line' id='line_1_3' title="bbox 70 259 1811 327; baseline 0 -15"><span class='ocrx_word' id='word_1_14' title='bbox 70 281 211 313; x_wconf 88' lang='lat' dir='ltr'>mur:</span> <span class='ocrx_word' id='word_1_15' title='bbox 249 278 462 324; x_wconf 88' lang='lat' dir='ltr'>quarum</span> <span class='ocrx_word' id='word_1_16' title='bbox 493 261 614 312; x_wconf 84' lang='lat' dir='ltr'>vero</span> <span class='ocrx_word' id='word_1_17' title='bbox 643 277 813 311; x_wconf 88' lang='lat' dir='ltr'>rerum</span> <span class='ocrx_word' id='word_1_18' title='bbox 834 272 948 309; x_wconf 88' lang='lat' dir='ltr'>ante</span> <span class='ocrx_word' id='word_1_19' title='bbox 973 260 1155 309; x_wconf 76' lang='lat' dir='ltr'>oculos</span> <span class='ocrx_word' id='word_1_20' title='bbox 1175 259 1374 315; x_wconf 86' lang='lat' dir='ltr'>nostros</span> <span class='ocrx_word' id='word_1_21' title='bbox 1396 265 1690 327; x_wconf 89' lang='lat' dir='ltr'>quotidiana</span> <span class='ocrx_word' id='word_1_22' title='bbox 1720 264 1811 312; x_wconf 92' lang='lat' dir='ltr'>do-</span> 
     </span>
     <span class='ocr_line' id='line_1_4' title="bbox 71 321 1813 390; baseline 0 -14"><span class='ocrx_word' id='word_1_23' title='bbox 71 341 311 376; x_wconf 88' lang='lat' dir='ltr'>cumenta</span> <span class='ocrx_word' id='word_1_24' title='bbox 336 325 610 378; x_wconf 77' lang='lat' dir='ltr'>versantur,</span> <span class='ocrx_word' id='word_1_25' title='bbox 631 340 738 373; x_wconf 88' lang='lat' dir='ltr'>non</span> <span class='ocrx_word' id='word_1_26' title='bbox 757 338 938 389; x_wconf 84' lang='lat' dir='ltr'><strong>genere</strong></span> <span class='ocrx_word' id='word_1_27' title='bbox 957 321 1121 371; x_wconf 74' lang='lat' dir='ltr'>minus</span> <span class='ocrx_word' id='word_1_28' title='bbox 1142 325 1381 383; x_wconf 84' lang='lat' dir='ltr'>mirabili,</span> <span class='ocrx_word' id='word_1_29' title='bbox 1404 328 1485 377; x_wconf 89' lang='lat' dir='ltr'>sed</span> <span class='ocrx_word' id='word_1_30' title='bbox 1506 329 1602 390; x_wconf 87' lang='lat' dir='ltr'>ipsa</span> <span class='ocrx_word' id='word_1_31' title='bbox 1623 325 1813 376; x_wconf 78' lang='lat' dir='ltr'>assidui-</span> 
     </span>
     <span class='ocr_line' id='line_1_5' title="bbox 15 385 1810 453; baseline 0.001 -15"><span class='ocrx_word' id='word_1_32' title='bbox 15 403 17 405; x_wconf 77' lang='grc'><strong>’</strong></span> <span class='ocrx_word' id='word_1_33' title='bbox 70 402 171 440; x_wconf 85' lang='lat' dir='ltr'>tate</span> <span class='ocrx_word' id='word_1_34' title='bbox 194 390 458 442; x_wconf 67' lang='lat' dir='ltr'>vilescunt,</span> <span class='ocrx_word' id='word_1_35' title='bbox 486 391 551 437; x_wconf 90' lang='lat' dir='ltr'>ita</span> <span class='ocrx_word' id='word_1_36' title='bbox 575 400 631 438; x_wconf 87' lang='lat' dir='ltr'>ut</span> <span class='ocrx_word' id='word_1_37' title='bbox 651 403 711 436; x_wconf 85' lang='lat' dir='ltr'>ex</span> <span class='ocrx_word' id='word_1_38' title='bbox 737 388 835 453; x_wconf 90' lang='lat' dir='ltr'>ipsa</span> <span class='ocrx_word' id='word_1_39' title='bbox 852 387 992 437; x_wconf 87' lang='lat' dir='ltr'>India</span> <span class='ocrx_word' id='word_1_40' title='bbox 1021 385 1306 440; x_wconf 77' lang='lat' dir='ltr'>desierimus</span> <span class='ocrx_word' id='word_1_41' title='bbox 1335 391 1583 444; x_wconf 87' lang='lat' dir='ltr'>nonnulla</span> <span class='ocrx_word' id='word_1_42' title='bbox 1615 392 1810 447; x_wconf 85' lang='lat' dir='ltr'>mirari,</span> 
     </span>
     <span class='ocr_line' id='line_1_6' title="bbox 71 448 1169 517; baseline -0.007 -12"><span class='ocrx_word' id='word_1_43' title='bbox 71 468 182 517; x_wconf 86' lang='lat' dir='ltr'>quae</span> <span class='ocrx_word' id='word_1_44' title='bbox 206 455 269 503; x_wconf 88' lang='lat' dir='ltr'>ad</span> <span class='ocrx_word' id='word_1_45' title='bbox 298 469 392 502; x_wconf 84' lang='lat' dir='ltr'>nos</span> <span class='ocrx_word' id='word_1_46' title='bbox 412 464 689 517; x_wconf 87' lang='lat' dir='ltr'>potuerunt</span> <span class='ocrx_word' id='word_1_47' title='bbox 705 451 932 501; x_wconf 84' lang='lat' dir='ltr'>miranda</span> <span class='ocrx_word' id='word_1_48' title='bbox 950 448 1169 515; x_wconf 85' lang='lat' dir='ltr'>perduci.</span> 
     </span>
     <span class='ocr_line' id='line_1_7' title="bbox 15 514 1811 585; baseline 0 -18"><span class='ocrx_word' id='word_1_49' title='bbox 15 551 17 559; x_wconf 49' lang='grc' dir='ltr'><strong><em>ι</em></strong></span> <span class='ocrx_word' id='word_1_50' title='bbox 197 517 397 568; x_wconf 83' lang='lat' dir='ltr'><strong>LEUC:</strong></span> <span class='ocrx_word' id='word_1_51' title='bbox 464 517 521 566; x_wconf 90' lang='lat' dir='ltr'>In</span> <span class='ocrx_word' id='word_1_52' title='bbox 539 516 740 565; x_wconf 86' lang='lat' dir='ltr'>fodinas</span> <span class='ocrx_word' id='word_1_53' title='bbox 756 515 1022 564; x_wconf 88' lang='lat' dir='ltr'>metallicas</span> <span class='ocrx_word' id='word_1_54' title='bbox 1035 528 1132 561; x_wconf 90' lang='lat' dir='ltr'>nos</span> <span class='ocrx_word' id='word_1_55' title='bbox 1143 514 1368 568; x_wconf 87' lang='lat' dir='ltr'>Ariadne</span> <span class='ocrx_word' id='word_1_56' title='bbox 1381 518 1585 585; x_wconf 89' lang='lat' dir='ltr'>Phyfica</span> <span class='ocrx_word' id='word_1_57' title='bbox 1607 518 1706 577; x_wconf 86' lang='lat' dir='ltr'>jam</span> <span class='ocrx_word' id='word_1_58' title='bbox 1727 518 1811 568; x_wconf 90' lang='lat' dir='ltr'>de-</span> 
     </span>
     <span class='ocr_line' id='line_1_8' title="bbox 14 576 1810 648; baseline 0 -18"><span class='ocrx_word' id='word_1_59' title='bbox 14 637 19 648; x_wconf 20' lang='lat'><strong>·</strong></span> <span class='ocrx_word' id='word_1_60' title='bbox 70 580 233 630; x_wconf 87' lang='lat' dir='ltr'>ducit:</span> <span class='ocrx_word' id='word_1_61' title='bbox 277 580 553 629; x_wconf 75' lang='lat' dir='ltr'>scrutemur</span> <span class='ocrx_word' id='word_1_62' title='bbox 578 579 666 628; x_wconf 87' lang='lat' dir='ltr'>has</span> <span class='ocrx_word' id='word_1_63' title='bbox 692 591 886 644; x_wconf 82' lang='lat' dir='ltr'>cryptas</span> <span class='ocrx_word' id='word_1_64' title='bbox 914 579 1118 648; x_wconf 80' lang='lat' dir='ltr'>Naturae</span> <span class='ocrx_word' id='word_1_65' title='bbox 1148 576 1350 637; x_wconf 86' lang='lat' dir='ltr'>filentis,</span> <span class='ocrx_word' id='word_1_66' title='bbox 1372 587 1423 634; x_wconf 70' lang='grc' dir='ltr'>ὃς</span> <span class='ocrx_word' id='word_1_67' title='bbox 1461 599 1548 648; x_wconf 89' lang='lat' dir='ltr'>per</span> <span class='ocrx_word' id='word_1_68' title='bbox 1578 582 1810 632; x_wconf 90' lang='lat' dir='ltr'>occultos</span> 
     </span>
     <span class='ocr_line' id='line_1_9' title="bbox 16 643 1811 704; baseline 0 -12"><span class='ocrx_word' id='word_1_69' title='bbox 16 650 17 657; x_wconf 76' lang='grc'>’</span> <span class='ocrx_word' id='word_1_70' title='bbox 67 657 261 694; x_wconf 81' lang='lat' dir='ltr'>meatus</span> <span class='ocrx_word' id='word_1_71' title='bbox 285 643 609 692; x_wconf 76' lang='lat' dir='ltr'>ascendamus</span> <span class='ocrx_word' id='word_1_72' title='bbox 625 645 676 690; x_wconf 89' lang='lat' dir='ltr'>in</span> <span class='ocrx_word' id='word_1_73' title='bbox 696 644 955 691; x_wconf 88' lang='lat' dir='ltr'>montium</span> <span class='ocrx_word' id='word_1_74' title='bbox 978 655 1114 704; x_wconf 73' lang='lat' dir='ltr'>juga,</span> <span class='ocrx_word' id='word_1_75' title='bbox 1134 653 1189 690; x_wconf 88' lang='lat' dir='ltr'>ut</span> <span class='ocrx_word' id='word_1_76' title='bbox 1209 643 1272 692; x_wconf 85' lang='lat' dir='ltr'>ad</span> <span class='ocrx_word' id='word_1_77' title='bbox 1291 646 1455 701; x_wconf 88' lang='lat' dir='ltr'>valles,</span> <span class='ocrx_word' id='word_1_78' title='bbox 1481 647 1705 695; x_wconf 89' lang='lat' dir='ltr'>fontium</span> <span class='ocrx_word' id='word_1_79' title='bbox 1728 660 1811 693; x_wconf 83' lang='lat' dir='ltr'>va-</span> 
     </span>
     <span class='ocr_line' id='line_1_10' title="bbox 15 706 1813 768; baseline 0 -12"><span class='ocrx_word' id='word_1_80' title='bbox 15 708 17 744; x_wconf 82' lang='lat'>3</span> <span class='ocrx_word' id='word_1_81' title='bbox 67 710 238 757; x_wconf 83' lang='lat' dir='ltr'>rietatc</span> <span class='ocrx_word' id='word_1_82' title='bbox 258 707 531 759; x_wconf 87' lang='lat' dir='ltr'>mirabiles,</span> <span class='ocrx_word' id='word_1_83' title='bbox 552 706 762 754; x_wconf 77' lang='lat' dir='ltr'>discursu</span> <span class='ocrx_word' id='word_1_84' title='bbox 782 706 997 767; x_wconf 88' lang='lat' dir='ltr'>denique</span> <span class='ocrx_word' id='word_1_85' title='bbox 1025 708 1388 768; x_wconf 82' lang='lat' dir='ltr'>perveniamus.</span> <span class='ocrx_word' id='word_1_86' title='bbox 1457 712 1612 756; x_wconf 87' lang='lat' dir='ltr'><em>MEL:</em></span> <span class='ocrx_word' id='word_1_87' title='bbox 1682 711 1813 758; x_wconf 87' lang='lat' dir='ltr'>Non</span> 
     </span>
     <span class='ocr_line' id='line_1_11' title="bbox 14 767 1813 835; baseline -0.001 -15"><span class='ocrx_word' id='word_1_88' title='bbox 14 770 18 825; x_wconf 73' lang='grc' dir='ltr'>,ἓ</span> <span class='ocrx_word' id='word_1_89' title='bbox 65 772 258 825; x_wconf 82' lang='lat' dir='ltr'>abnuo,</span> <span class='ocrx_word' id='word_1_90' title='bbox 276 770 310 819; x_wconf 83' lang='lat' dir='ltr'>fi</span> <span class='ocrx_word' id='word_1_91' title='bbox 325 768 490 818; x_wconf 81' lang='lat' dir='ltr'>modo</span> <span class='ocrx_word' id='word_1_92' title='bbox 511 768 618 817; x_wconf 86' lang='lat' dir='ltr'>haec</span> <span class='ocrx_word' id='word_1_93' title='bbox 640 768 761 817; x_wconf 84' lang='lat' dir='ltr'>velis</span> <span class='ocrx_word' id='word_1_94' title='bbox 783 784 869 831; x_wconf 84' lang='lat' dir='ltr'>per</span> <span class='ocrx_word' id='word_1_95' title='bbox 890 767 1172 817; x_wconf 78' lang='lat' dir='ltr'>transitum:</span> <span class='ocrx_word' id='word_1_96' title='bbox 1207 784 1316 818; x_wconf 91' lang='lat' dir='ltr'>non</span> <span class='ocrx_word' id='word_1_97' title='bbox 1346 774 1479 821; x_wconf 89' lang='lat' dir='ltr'>enim</span> <span class='ocrx_word' id='word_1_98' title='bbox 1500 772 1813 835; x_wconf 87' lang='lat' dir='ltr'>contempla-</span> 
     </span>
     <span class='ocr_line' id='line_1_12' title="bbox 14 830 1810 898; baseline -0.003 -13"><span class='ocrx_word' id='word_1_99' title='bbox 14 831 18 837; x_wconf 64' lang='grc'><em>’</em></span> <span class='ocrx_word' id='word_1_100' title='bbox 65 838 105 885; x_wconf 86' lang='lat' dir='ltr'>ri</span> <span class='ocrx_word' id='word_1_101' title='bbox 130 834 315 898; x_wconf 80' lang='lat' dir='ltr'>fingula</span> <span class='ocrx_word' id='word_1_102' title='bbox 330 865 346 884; x_wconf 90' lang='lat'>,</span> <span class='ocrx_word' id='word_1_103' title='bbox 360 831 442 879; x_wconf 89' lang='lat' dir='ltr'>sed</span> <span class='ocrx_word' id='word_1_104' title='bbox 464 834 652 878; x_wconf 89' lang='lat' dir='ltr'>rariora</span> <span class='ocrx_word' id='word_1_105' title='bbox 673 830 836 878; x_wconf 78' lang='lat' dir='ltr'>solum</span> <span class='ocrx_word' id='word_1_106' title='bbox 856 831 1068 893; x_wconf 82' lang='lat' dir='ltr'>aspicere</span> <span class='ocrx_word' id='word_1_107' title='bbox 1086 834 1326 895; x_wconf 88' lang='lat' dir='ltr'>permittit</span> <span class='ocrx_word' id='word_1_108' title='bbox 1347 847 1561 898; x_wconf 86' lang='lat' dir='ltr'>tempus.</span> <span class='ocrx_word' id='word_1_109' title='bbox 1629 833 1810 883; x_wconf 87' lang='lat' dir='ltr'>Metal-</span> 
     </span>
     <span class='ocr_line' id='line_1_13' title="bbox 13 891 1808 961; baseline 0.001 -21"><span class='ocrx_word' id='word_1_110' title='bbox 13 895 18 940; x_wconf 73' lang='grc' dir='ltr'>ζ</span> <span class='ocrx_word' id='word_1_111' title='bbox 63 901 170 949; x_wconf 82' lang='lat' dir='ltr'>lum</span> <span class='ocrx_word' id='word_1_112' title='bbox 195 929 211 949; x_wconf 83' lang='lat'>‚</span> <span class='ocrx_word' id='word_1_113' title='bbox 236 897 409 952; x_wconf 75' lang='lat' dir='ltr'>ajunt,</span> <span class='ocrx_word' id='word_1_114' title='bbox 436 895 652 941; x_wconf 88' lang='lat' dir='ltr'>mixtum</span> <span class='ocrx_word' id='word_1_115' title='bbox 681 891 774 940; x_wconf 81' lang='lat' dir='ltr'>effe</span> <span class='ocrx_word' id='word_1_116' title='bbox 807 893 1367 958; x_wconf 65' lang='lat' dir='ltr'>perfeetum,liquabile</span> <span class='ocrx_word' id='word_1_117' title='bbox 1395 899 1524 961; x_wconf 82' lang='lat' dir='ltr'>igni,</span> <span class='ocrx_word' id='word_1_118' title='bbox 1550 899 1599 946; x_wconf 75' lang='grc' dir='ltr'>ὃ(</span> <span class='ocrx_word' id='word_1_119' title='bbox 1625 896 1808 944; x_wconf 64' lang='lat' dir='ltr'>ductile</span> 
     </span>
     <span class='ocr_line' id='line_1_14' title="bbox 12 954 1811 1025; baseline -0.002 -16"><span class='ocrx_word' id='word_1_120' title='bbox 12 1011 16 1018; x_wconf 65' lang='grc'>,</span> <span class='ocrx_word' id='word_1_121' title='bbox 62 960 280 1010; x_wconf 87' lang='lat' dir='ltr'>malleo:</span> <span class='ocrx_word' id='word_1_122' title='bbox 314 954 513 1021; x_wconf 74' lang='lat' dir='ltr'>genesin</span> <span class='ocrx_word' id='word_1_123' title='bbox 542 955 680 1004; x_wconf 73' lang='lat' dir='ltr'>stiam</span> <span class='ocrx_word' id='word_1_124' title='bbox 706 954 857 1004; x_wconf 86' lang='lat' dir='ltr'>debet</span> <span class='ocrx_word' id='word_1_125' title='bbox 879 956 1138 1012; x_wconf 81' lang='lat' dir='ltr'>halitibus,</span> <span class='ocrx_word' id='word_1_126' title='bbox 1161 974 1472 1025; x_wconf 87' lang='lat' dir='ltr'>cooperante</span> <span class='ocrx_word' id='word_1_127' title='bbox 1490 959 1722 1009; x_wconf 84' lang='lat' dir='ltr'>Siderum</span> <span class='ocrx_word' id='word_1_128' title='bbox 1742 961 1811 1006; x_wconf 88' lang='lat' dir='ltr'>in-</span> 
     </span>
     <span class='ocr_line' id='line_1_15' title="bbox 11 1019 1810 1088; baseline -0.003 -14"><span class='ocrx_word' id='word_1_129' title='bbox 11 1054 15 1073; x_wconf 71' lang='lat'><em>·</em></span> <span class='ocrx_word' id='word_1_130' title='bbox 62 1024 224 1073; x_wconf 84' lang='lat' dir='ltr'>fluxu:</span> <span class='ocrx_word' id='word_1_131' title='bbox 261 1021 379 1070; x_wconf 87' lang='lat' dir='ltr'>hinc</span> <span class='ocrx_word' id='word_1_132' title='bbox 400 1022 541 1068; x_wconf 83' lang='lat' dir='ltr'>variae</span> <span class='ocrx_word' id='word_1_133' title='bbox 563 1021 793 1068; x_wconf 58' lang='lat' dir='ltr'>virtutem</span> <span class='ocrx_word' id='word_1_134' title='bbox 828 1019 946 1068; x_wconf 90' lang='lat' dir='ltr'>hinc</span> <span class='ocrx_word' id='word_1_135' title='bbox 966 1024 1098 1070; x_wconf 89' lang='lat' dir='ltr'>varia</span> <span class='ocrx_word' id='word_1_136' title='bbox 1120 1028 1483 1086; x_wconf 84' lang='lat' dir='ltr'>proprietatum</span> <span class='ocrx_word' id='word_1_137' title='bbox 1506 1021 1810 1088; x_wconf 86' lang='lat' dir='ltr'>pathemata.</span> 
     </span>
     <span class='ocr_line' id='line_1_16' title="bbox 63 1079 1817 1150; baseline -0.002 -15"><span class='ocrx_word' id='word_1_138' title='bbox 63 1090 198 1138; x_wconf 81' lang='lat' dir='ltr'>Inter</span> <span class='ocrx_word' id='word_1_139' title='bbox 222 1086 396 1134; x_wconf 89' lang='lat' dir='ltr'>omnia</span> <span class='ocrx_word' id='word_1_140' title='bbox 409 1081 558 1129; x_wconf 79' lang='lat' dir='ltr'>Phoebi</span> <span class='ocrx_word' id='word_1_141' title='bbox 574 1079 724 1130; x_wconf 88' lang='lat' dir='ltr'>instar</span> <span class='ocrx_word' id='word_1_142' title='bbox 743 1084 934 1130; x_wconf 79' lang='lat' dir='ltr'>eminet</span> <span class='ocrx_word' id='word_1_143' title='bbox 948 1083 1179 1137; x_wconf 88' lang='lat' dir='ltr'>Aurum,</span> <span class='ocrx_word' id='word_1_144' title='bbox 1198 1087 1375 1134; x_wconf 83' lang='lat' dir='ltr'>colore</span> <span class='ocrx_word' id='word_1_145' title='bbox 1395 1086 1603 1141; x_wconf 79' lang='lat' dir='ltr'>flavum,</span> <span class='ocrx_word' id='word_1_146' title='bbox 1623 1085 1817 1150; x_wconf 89' lang='lat' dir='ltr'>ponde-</span> 
     </span>
     <span class='ocr_line' id='line_1_17' title="bbox 11 1140 1816 1215; baseline -0.002 -16"><span class='ocrx_word' id='word_1_147' title='bbox 11 1157 17 1182; x_wconf 48' lang='grc' dir='ltr'>ὅ</span> <span class='ocrx_word' id='word_1_148' title='bbox 61 1167 116 1201; x_wconf 85' lang='lat' dir='ltr'>re</span> <span class='ocrx_word' id='word_1_149' title='bbox 138 1145 480 1215; x_wconf 78' lang='lat' dir='ltr'>gravissimum</span> <span class='ocrx_word' id='word_1_150' title='bbox 506 1179 519 1198; x_wconf 91' lang='lat'>,</span> <span class='ocrx_word' id='word_1_151' title='bbox 558 1140 750 1208; x_wconf 78' lang='lat' dir='ltr'>ipsique</span> <span class='ocrx_word' id='word_1_152' title='bbox 788 1145 1102 1195; x_wconf 86' lang='lat' dir='ltr'>indomabile</span> <span class='ocrx_word' id='word_1_153' title='bbox 1141 1149 1400 1198; x_wconf 75' lang='lat' dir='ltr'>Vulcano.</span> <span class='ocrx_word' id='word_1_154' title='bbox 1496 1150 1624 1196; x_wconf 67' lang='lat' dir='ltr'>Mirci</span> <span class='ocrx_word' id='word_1_155' title='bbox 1655 1148 1816 1215; x_wconf 86' lang='lat' dir='ltr'>pollet</span> 
     </span>
     <span class='ocr_line' id='line_1_18' title="bbox 12 1206 1813 1276; baseline 0.001 -15"><span class='ocrx_word' id='word_1_156' title='bbox 12 1218 17 1274; x_wconf 67' lang='grc' dir='ltr'>ξ</span> <span class='ocrx_word' id='word_1_157' title='bbox 61 1218 272 1266; x_wconf 79' lang='lat' dir='ltr'>virtute,</span> <span class='ocrx_word' id='word_1_158' title='bbox 292 1226 412 1259; x_wconf 86' lang='lat' dir='ltr'>nam</span> <span class='ocrx_word' id='word_1_159' title='bbox 432 1209 465 1258; x_wconf 82' lang='lat' dir='ltr'>si</span> <span class='ocrx_word' id='word_1_160' title='bbox 486 1208 860 1272; x_wconf 78' lang='lat' dir='ltr'>Chymicorum</span> <span class='ocrx_word' id='word_1_161' title='bbox 888 1206 1127 1259; x_wconf 60' lang='lat' dir='ltr'>industria</span> <span class='ocrx_word' id='word_1_162' title='bbox 1154 1212 1392 1261; x_wconf 83' lang='lat' dir='ltr'>reddatur</span> <span class='ocrx_word' id='word_1_163' title='bbox 1418 1214 1669 1276; x_wconf 81' lang='lat' dir='ltr'>potabile,</span> <span class='ocrx_word' id='word_1_164' title='bbox 1694 1227 1813 1264; x_wconf 71' lang='lat' dir='ltr'>cor,</span> 
     </span>
     <span class='ocr_line' id='line_1_19' title="bbox 11 1273 1812 1341; baseline -0.002 -15"><span class='ocrx_word' id='word_1_165' title='bbox 11 1280 16 1331; x_wconf 79' lang='grc' dir='ltr'><strong><em>ἷ</em></strong></span> <span class='ocrx_word' id='word_1_166' title='bbox 60 1278 230 1327; x_wconf 86' lang='lat' dir='ltr'>sedem</span> <span class='ocrx_word' id='word_1_167' title='bbox 249 1276 387 1328; x_wconf 69' lang='lat' dir='ltr'>vitae,</span> <span class='ocrx_word' id='word_1_168' title='bbox 412 1273 673 1321; x_wconf 83' lang='lat' dir='ltr'>confortat</span> <span class='ocrx_word' id='word_1_169' title='bbox 694 1304 710 1324; x_wconf 92' lang='lat'>,</span> <span class='ocrx_word' id='word_1_170' title='bbox 738 1284 929 1320; x_wconf 87' lang='lat' dir='ltr'>recreat</span> <span class='ocrx_word' id='word_1_171' title='bbox 955 1276 1107 1327; x_wconf 85' lang='lat' dir='ltr'>vires,</span> <span class='ocrx_word' id='word_1_172' title='bbox 1127 1275 1266 1338; x_wconf 87' lang='lat' dir='ltr'>pellit</span> <span class='ocrx_word' id='word_1_173' title='bbox 1288 1276 1681 1341; x_wconf 84' lang='lat' dir='ltr'>Elephantiafin,</span> <span class='ocrx_word' id='word_1_174' title='bbox 1700 1277 1812 1324; x_wconf 91' lang='lat' dir='ltr'>Me-</span> 
     </span>
     <span class='ocr_line' id='line_1_20' title="bbox 11 1332 1813 1397; baseline -0.002 -7"><span class='ocrx_word' id='word_1_175' title='bbox 11 1334 15 1363; x_wconf 61' lang='lat'>³</span> <span class='ocrx_word' id='word_1_176' title='bbox 62 1339 401 1391; x_wconf 85' lang='lat' dir='ltr'>lancholiam,</span> <span class='ocrx_word' id='word_1_177' title='bbox 419 1332 645 1397; x_wconf 78' lang='lat' dir='ltr'>aliosque</span> <span class='ocrx_word' id='word_1_178' title='bbox 675 1334 916 1388; x_wconf 86' lang='lat' dir='ltr'>morbos,</span> <span class='ocrx_word' id='word_1_179' title='bbox 938 1334 1147 1384; x_wconf 87' lang='lat' dir='ltr'>sanitatis</span> <span class='ocrx_word' id='word_1_180' title='bbox 1169 1354 1329 1387; x_wconf 83' lang='lat' dir='ltr'>aureae</span> <span class='ocrx_word' id='word_1_181' title='bbox 1356 1336 1555 1394; x_wconf 87' lang='lat' dir='ltr'>hostes,</span> <span class='ocrx_word' id='word_1_182' title='bbox 1572 1356 1630 1388; x_wconf 87' lang='lat' dir='ltr'>ac</span> <span class='ocrx_word' id='word_1_183' title='bbox 1647 1340 1813 1387; x_wconf 86' lang='lat' dir='ltr'>inimi-</span> 
     </span>
     <span class='ocr_line' id='line_1_21' title="bbox 59 1396 1815 1465; baseline -0.003 -11"><span class='ocrx_word' id='word_1_184' title='bbox 59 1420 166 1454; x_wconf 82' lang='lat' dir='ltr'>cos.</span> <span class='ocrx_word' id='word_1_185' title='bbox 233 1403 521 1464; x_wconf 83' lang='lat' dir='ltr'>Argentum</span> <span class='ocrx_word' id='word_1_186' title='bbox 537 1433 549 1449; x_wconf 92' lang='lat'>,</span> <span class='ocrx_word' id='word_1_187' title='bbox 572 1396 715 1460; x_wconf 89' lang='lat' dir='ltr'>quod</span> <span class='ocrx_word' id='word_1_188' title='bbox 740 1399 907 1442; x_wconf 74' lang='lat' dir='ltr'>Lunam</span> <span class='ocrx_word' id='word_1_189' title='bbox 926 1399 1179 1445; x_wconf 71' lang='lat' dir='ltr'>metallicam</span> <span class='ocrx_word' id='word_1_190' title='bbox 1195 1401 1449 1465; x_wconf 82' lang='lat' dir='ltr'>Chymici,</span> <span class='ocrx_word' id='word_1_191' title='bbox 1470 1402 1703 1465; x_wconf 83' lang='lat' dir='ltr'>praecellit</span> <span class='ocrx_word' id='word_1_192' title='bbox 1721 1404 1815 1449; x_wconf 89' lang='lat' dir='ltr'>tin-</span> 
     </span>
     <span class='ocr_line' id='line_1_22' title="bbox 11 1457 1808 1524; baseline -0.003 -7"><span class='ocrx_word' id='word_1_193' title='bbox 11 1469 13 1476; x_wconf 82' lang='lat'>&#39;</span> <span class='ocrx_word' id='word_1_194' title='bbox 58 1471 168 1517; x_wconf 89' lang='lat' dir='ltr'>nitu</span> <span class='ocrx_word' id='word_1_195' title='bbox 194 1500 206 1520; x_wconf 92' lang='lat'>,</span> <span class='ocrx_word' id='word_1_196' title='bbox 236 1467 371 1523; x_wconf 83' lang='lat' dir='ltr'>juvat</span> <span class='ocrx_word' id='word_1_197' title='bbox 399 1461 663 1512; x_wconf 88' lang='lat' dir='ltr'>cerebrum</span> <span class='ocrx_word' id='word_1_198' title='bbox 690 1492 703 1513; x_wconf 94' lang='lat'>,</span> <span class='ocrx_word' id='word_1_199' title='bbox 737 1457 941 1523; x_wconf 77' lang='lat' dir='ltr'>ejusque</span> <span class='ocrx_word' id='word_1_200' title='bbox 966 1461 1349 1524; x_wconf 79' lang='lat' dir='ltr'>sympthomatis</span> <span class='ocrx_word' id='word_1_201' title='bbox 1372 1464 1539 1513; x_wconf 87' lang='lat' dir='ltr'>calidis</span> <span class='ocrx_word' id='word_1_202' title='bbox 1559 1464 1808 1512; x_wconf 89' lang='lat' dir='ltr'>medetur.</span> 
     </span>
     <span class='ocr_line' id='line_1_23' title="bbox 11 1525 2029 1588; baseline -0.001 -10"><span class='ocrx_word' id='word_1_203' title='bbox 11 1525 14 1533; x_wconf 74' lang='grc'>’</span> <span class='ocrx_word' id='word_1_204' title='bbox 59 1529 288 1578; x_wconf 67' lang='lat' dir='ltr'>Plumbum</span> <span class='ocrx_word' id='word_1_205' title='bbox 304 1561 317 1582; x_wconf 90' lang='lat'>,</span> <span class='ocrx_word' id='word_1_206' title='bbox 337 1526 437 1576; x_wconf 83' lang='lat' dir='ltr'>sive</span> <span class='ocrx_word' id='word_1_207' title='bbox 463 1529 669 1571; x_wconf 70' lang='lat' dir='ltr'>Saturnm</span> <span class='ocrx_word' id='word_1_208' title='bbox 691 1526 905 1584; x_wconf 56' lang='lat' dir='ltr'>Uiymicus</span> <span class='ocrx_word' id='word_1_209' title='bbox 925 1560 941 1575; x_wconf 86' lang='lat'>,</span> <span class='ocrx_word' id='word_1_210' title='bbox 970 1527 1197 1588; x_wconf 86' lang='lat' dir='ltr'>reprimit</span> <span class='ocrx_word' id='word_1_211' title='bbox 1221 1529 1468 1576; x_wconf 82' lang='lat' dir='ltr'>cicatrices</span> <span class='ocrx_word' id='word_1_212' title='bbox 1482 1543 1497 1579; x_wconf 78' lang='lat'>5</span> <span class='ocrx_word' id='word_1_213' title='bbox 1516 1529 1568 1575; x_wconf 91' lang='lat' dir='ltr'>in</span> <span class='ocrx_word' id='word_1_214' title='bbox 1597 1527 1806 1574; x_wconf 86' lang='lat' dir='ltr'>laminas</span> <span class='ocrx_word' id='word_1_215' title='bbox 1831 1528 2029 1586; x_wconf 81' lang='lat' dir='ltr'>Plin.24.</span> 
     </span>
     <span class='ocr_line' id='line_1_24' title="bbox 9 1584 1957 1655; baseline -0.003 -12"><span class='ocrx_word' id='word_1_216' title='bbox 9 1591 15 1630; x_wconf 39' lang='grc' dir='ltr'>ι’</span> <span class='ocrx_word' id='word_1_217' title='bbox 59 1595 299 1645; x_wconf 74' lang='lat' dir='ltr'>duCtum,</span> <span class='ocrx_word' id='word_1_218' title='bbox 328 1584 616 1651; x_wconf 79' lang='lat' dir='ltr'>lumbisque</span> <span class='ocrx_word' id='word_1_219' title='bbox 647 1587 1049 1636; x_wconf 62' lang='lat' dir='ltr'>circumduCtuux</span> <span class='ocrx_word' id='word_1_220' title='bbox 1087 1590 1280 1639; x_wconf 82' lang='lat' dir='ltr'>calores</span> <span class='ocrx_word' id='word_1_221' title='bbox 1308 1594 1529 1640; x_wconf 87' lang='lat' dir='ltr'>eroticos</span> <span class='ocrx_word' id='word_1_222' title='bbox 1553 1591 1804 1655; x_wconf 74' lang='lat' dir='ltr'>reprimits</span> <span class='ocrx_word' id='word_1_223' title='bbox 1830 1608 1867 1639; x_wconf 84' lang='lat' dir='ltr'>c.</span> <span class='ocrx_word' id='word_1_224' title='bbox 1885 1592 1957 1640; x_wconf 85' lang='lat'>18.</span> 
     </span>
     <span class='ocr_line' id='line_1_25' title="bbox 59 1651 1809 1719; baseline -0.002 -13"><span class='ocrx_word' id='word_1_225' title='bbox 59 1654 224 1707; x_wconf 87' lang='lat' dir='ltr'>obstat</span> <span class='ocrx_word' id='word_1_226' title='bbox 243 1654 591 1719; x_wconf 78' lang='lat' dir='ltr'>phlegmonae,</span> <span class='ocrx_word' id='word_1_227' title='bbox 611 1654 661 1702; x_wconf 71' lang='grc' dir='ltr'>δε</span> <span class='ocrx_word' id='word_1_228' title='bbox 686 1653 915 1700; x_wconf 83' lang='lat' dir='ltr'>continet</span> <span class='ocrx_word' id='word_1_229' title='bbox 937 1651 1212 1701; x_wconf 87' lang='lat' dir='ltr'>oculorum</span> <span class='ocrx_word' id='word_1_230' title='bbox 1233 1654 1408 1704; x_wconf 83' lang='lat' dir='ltr'>fluxus.</span> <span class='ocrx_word' id='word_1_231' title='bbox 1476 1659 1679 1702; x_wconf 72' lang='lat' dir='ltr'>stannum</span> <span class='ocrx_word' id='word_1_232' title='bbox 1693 1687 1709 1708; x_wconf 88' lang='lat'>,</span> <span class='ocrx_word' id='word_1_233' title='bbox 1727 1656 1809 1702; x_wconf 89' lang='lat' dir='ltr'>cui</span> 
     </span>
     <span class='ocr_line' id='line_1_26' title="bbox 10 1714 1808 1787; baseline -0.003 -19"><span class='ocrx_word' id='word_1_234' title='bbox 10 1716 13 1725; x_wconf 75' lang='lat'><em>&#39;</em></span> <span class='ocrx_word' id='word_1_235' title='bbox 58 1721 299 1787; x_wconf 86' lang='lat' dir='ltr'>pretium,</span> <span class='ocrx_word' id='word_1_236' title='bbox 322 1720 373 1767; x_wconf 74' lang='lat' dir='ltr'>&lt;Sc</span> <span class='ocrx_word' id='word_1_237' title='bbox 394 1715 672 1764; x_wconf 86' lang='lat' dir='ltr'>candorem</span> <span class='ocrx_word' id='word_1_238' title='bbox 694 1715 781 1763; x_wconf 85' lang='lat' dir='ltr'>dat</span> <span class='ocrx_word' id='word_1_239' title='bbox 795 1714 1008 1778; x_wconf 80' lang='lat' dir='ltr'>Anglia,</span> <span class='ocrx_word' id='word_1_240' title='bbox 1035 1717 1180 1773; x_wconf 79' lang='lat' dir='ltr'>Jovi:</span> <span class='ocrx_word' id='word_1_241' title='bbox 1209 1715 1380 1776; x_wconf 71' lang='lat' dir='ltr'>ferrum</span> <span class='ocrx_word' id='word_1_242' title='bbox 1401 1720 1581 1768; x_wconf 89' lang='lat' dir='ltr'>Marti:</span> <span class='ocrx_word' id='word_1_243' title='bbox 1617 1729 1808 1778; x_wconf 77' lang='lat' dir='ltr'>cuprum,</span> 
     </span>
     <span class='ocr_line' id='line_1_27' title="bbox 10 1777 1814 1847; baseline 0 -17"><span class='ocrx_word' id='word_1_244' title='bbox 10 1838 13 1844; x_wconf 22' lang='grc' dir='ltr'>λ</span> <span class='ocrx_word' id='word_1_245' title='bbox 60 1782 205 1847; x_wconf 83' lang='lat' dir='ltr'>quod</span> <span class='ocrx_word' id='word_1_246' title='bbox 232 1795 445 1845; x_wconf 87' lang='lat' dir='ltr'>etymon</span> <span class='ocrx_word' id='word_1_247' title='bbox 471 1778 620 1827; x_wconf 85' lang='lat' dir='ltr'>trahit</span> <span class='ocrx_word' id='word_1_248' title='bbox 655 1777 681 1827; x_wconf 74' lang='lat' dir='ltr'>a</span> <span class='ocrx_word' id='word_1_249' title='bbox 703 1780 909 1843; x_wconf 76' lang='lat' dir='ltr'>Cypro,</span> <span class='ocrx_word' id='word_1_250' title='bbox 925 1780 1139 1830; x_wconf 83' lang='lat' dir='ltr'>Veneri:</span> <span class='ocrx_word' id='word_1_251' title='bbox 1174 1796 1395 1840; x_wconf 76' lang='lat' dir='ltr'>argentum</span> <span class='ocrx_word' id='word_1_252' title='bbox 1416 1784 1591 1833; x_wconf 80' lang='lat' dir='ltr'>vivum</span> <span class='ocrx_word' id='word_1_253' title='bbox 1610 1782 1680 1830; x_wconf 89' lang='lat' dir='ltr'>ob</span> <span class='ocrx_word' id='word_1_254' title='bbox 1700 1797 1814 1831; x_wconf 89' lang='lat' dir='ltr'>mo-</span> 
     </span>
     <span class='ocr_line' id='line_1_28' title="bbox 58 1841 1815 1907; baseline -0.001 -12"><span class='ocrx_word' id='word_1_255' title='bbox 58 1847 301 1896; x_wconf 85' lang='lat' dir='ltr'>bilitatem</span> <span class='ocrx_word' id='word_1_256' title='bbox 313 1845 572 1893; x_wconf 84' lang='lat' dir='ltr'>Mercurio</span> <span class='ocrx_word' id='word_1_257' title='bbox 585 1841 821 1907; x_wconf 85' lang='lat' dir='ltr'>Chymici</span> <span class='ocrx_word' id='word_1_258' title='bbox 845 1843 1091 1895; x_wconf 56' lang='lat' dir='ltr'>dimna&amp;</span> <span class='ocrx_word' id='word_1_259' title='bbox 1113 1845 1423 1894; x_wconf 83' lang='lat' dir='ltr'>consecrant.</span> <span class='ocrx_word' id='word_1_260' title='bbox 1489 1846 1697 1896; x_wconf 86' lang='lat' dir='ltr'>Metalla</span> <span class='ocrx_word' id='word_1_261' title='bbox 1713 1860 1815 1893; x_wconf 90' lang='lat' dir='ltr'>cre-</span> 
     </span>
     <span class='ocr_line' id='line_1_29' title="bbox 9 1906 1811 1969; baseline -0.004 -4"><span class='ocrx_word' id='word_1_262' title='bbox 9 1960 11 1965; x_wconf 68' lang='lat'>,</span> <span class='ocrx_word' id='word_1_263' title='bbox 58 1913 200 1961; x_wconf 87' lang='lat' dir='ltr'>scunt</span> <span class='ocrx_word' id='word_1_264' title='bbox 216 1910 267 1956; x_wconf 87' lang='lat' dir='ltr'>in</span> <span class='ocrx_word' id='word_1_265' title='bbox 284 1909 483 1955; x_wconf 82' lang='lat' dir='ltr'>mineris</span> <span class='ocrx_word' id='word_1_266' title='bbox 500 1940 515 1960; x_wconf 87' lang='lat'>,</span> <span class='ocrx_word' id='word_1_267' title='bbox 534 1922 654 1969; x_wconf 84' lang='lat' dir='ltr'>quas</span> <span class='ocrx_word' id='word_1_268' title='bbox 679 1906 706 1955; x_wconf 72' lang='lat' dir='ltr'>a</span> <span class='ocrx_word' id='word_1_269' title='bbox 725 1906 978 1955; x_wconf 83' lang='lat' dir='ltr'>fodiendo</span> <span class='ocrx_word' id='word_1_270' title='bbox 1006 1906 1177 1957; x_wconf 85' lang='lat' dir='ltr'>dicunt</span> <span class='ocrx_word' id='word_1_271' title='bbox 1191 1906 1386 1967; x_wconf 58' lang='lat' dir='ltr'>fodinas.-</span> <span class='ocrx_word' id='word_1_272' title='bbox 1421 1909 1533 1958; x_wconf 90' lang='lat' dir='ltr'>sunt</span> <span class='ocrx_word' id='word_1_273' title='bbox 1554 1909 1626 1958; x_wconf 81' lang='lat' dir='ltr'>hae</span> <span class='ocrx_word' id='word_1_274' title='bbox 1650 1911 1811 1959; x_wconf 87' lang='lat' dir='ltr'>Natu-</span> 
     </span>
     <span class='ocr_line' id='line_1_30' title="bbox 9 1969 1808 2039; baseline 0 -19"><span class='ocrx_word' id='word_1_275' title='bbox 9 1994 11 1996; x_wconf 95' lang='lat'>·</span> <span class='ocrx_word' id='word_1_276' title='bbox 58 1990 127 2025; x_wconf 77' lang='lat' dir='ltr'>1ae</span> <span class='ocrx_word' id='word_1_277' title='bbox 146 1971 497 2025; x_wconf 79' lang='lat' dir='ltr'>divitesGazae,</span> <span class='ocrx_word' id='word_1_278' title='bbox 511 1985 632 2032; x_wconf 86' lang='lat' dir='ltr'>quas</span> <span class='ocrx_word' id='word_1_279' title='bbox 650 1971 771 2035; x_wconf 77' lang='lat' dir='ltr'>saepe</span> <span class='ocrx_word' id='word_1_280' title='bbox 783 1969 1203 2034; x_wconf 77' lang='lat' dir='ltr'>Cast1,saepeArtis</span> <span class='ocrx_word' id='word_1_281' title='bbox 1225 1972 1535 2023; x_wconf 80' lang='lat' dir='ltr'>adminiculo</span> <span class='ocrx_word' id='word_1_282' title='bbox 1556 1975 1808 2039; x_wconf 86' lang='lat' dir='ltr'>reperiunt</span> 
     </span>
     <span class='ocr_line' id='line_1_31' title="bbox 59 2034 1810 2100; baseline -0.001 -15"><span class='ocrx_word' id='word_1_283' title='bbox 59 2035 325 2090; x_wconf 83' lang='lat' dir='ltr'>Mortales.</span> <span class='ocrx_word' id='word_1_284' title='bbox 390 2036 489 2083; x_wconf 78' lang='lat' dir='ltr'>En!</span> <span class='ocrx_word' id='word_1_285' title='bbox 523 2034 657 2098; x_wconf 74' lang='lat' dir='ltr'>ligna</span> <span class='ocrx_word' id='word_1_286' title='bbox 675 2036 919 2099; x_wconf 84' lang='lat' dir='ltr'>praecipua</span> <span class='ocrx_word' id='word_1_287' title='bbox 932 2067 948 2088; x_wconf 87' lang='lat'>,</span> <span class='ocrx_word' id='word_1_288' title='bbox 967 2049 1075 2096; x_wconf 83' lang='lat' dir='ltr'>quae</span> <span class='ocrx_word' id='word_1_289' title='bbox 1095 2036 1304 2086; x_wconf 88' lang='lat' dir='ltr'>latentes</span> <span class='ocrx_word' id='word_1_290' title='bbox 1322 2037 1537 2100; x_wconf 84' lang='lat' dir='ltr'>prodere</span> <span class='ocrx_word' id='word_1_291' title='bbox 1555 2037 1810 2086; x_wconf 83' lang='lat' dir='ltr'>thesauros</span> 
     </span>
     <span class='ocr_line' id='line_1_32' title="bbox 57 2098 1816 2165; baseline -0.001 -16"><span class='ocrx_word' id='word_1_292' title='bbox 57 2103 238 2152; x_wconf 89' lang='lat' dir='ltr'>solent.</span> <span class='ocrx_word' id='word_1_293' title='bbox 311 2099 566 2147; x_wconf 85' lang='lat' dir='ltr'>Ramenta</span> <span class='ocrx_word' id='word_1_294' title='bbox 593 2099 871 2151; x_wconf 85' lang='lat' dir='ltr'>metallica,</span> <span class='ocrx_word' id='word_1_295' title='bbox 890 2112 998 2160; x_wconf 87' lang='lat' dir='ltr'>quae</span> <span class='ocrx_word' id='word_1_296' title='bbox 1024 2098 1192 2147; x_wconf 84' lang='lat' dir='ltr'>secum</span> <span class='ocrx_word' id='word_1_297' title='bbox 1222 2102 1420 2165; x_wconf 84' lang='lat' dir='ltr'>rapiunt</span> <span class='ocrx_word' id='word_1_298' title='bbox 1447 2113 1722 2154; x_wconf 77' lang='lat' dir='ltr'>torrentes,</span> <span class='ocrx_word' id='word_1_299' title='bbox 1745 2101 1816 2150; x_wconf 86' lang='lat' dir='ltr'>vi-</span> 
     </span>
     <span class='ocr_line' id='line_1_33' title="bbox 0 2157 1813 2227; baseline -0.001 -13"><span class='ocrx_word' id='word_1_300' title='bbox 0 2159 5 2177; x_wconf 55' lang='lat'><em>*</em></span> <span class='ocrx_word' id='word_1_301' title='bbox 60 2168 228 2215; x_wconf 85' lang='lat' dir='ltr'>cinam</span> <span class='ocrx_word' id='word_1_302' title='bbox 260 2163 510 2210; x_wconf 83' lang='lat' dir='ltr'>mineram</span> <span class='ocrx_word' id='word_1_303' title='bbox 550 2157 821 2210; x_wconf 83' lang='lat' dir='ltr'>testantur:</span> <span class='ocrx_word' id='word_1_304' title='bbox 871 2163 1023 2209; x_wconf 82' lang='lat' dir='ltr'>etiam</span> <span class='ocrx_word' id='word_1_305' title='bbox 1054 2175 1180 2210; x_wconf 88' lang='lat' dir='ltr'>terra</span> <span class='ocrx_word' id='word_1_306' title='bbox 1203 2195 1216 2212; x_wconf 82' lang='lat'><strong>‚</strong></span> <span class='ocrx_word' id='word_1_307' title='bbox 1259 2178 1369 2224; x_wconf 85' lang='lat' dir='ltr'>quae</span> <span class='ocrx_word' id='word_1_308' title='bbox 1403 2180 1528 2214; x_wconf 85' lang='lat' dir='ltr'>mox</span> <span class='ocrx_word' id='word_1_309' title='bbox 1555 2164 1813 2227; x_wconf 87' lang='lat' dir='ltr'>liquefacit</span> 
     </span>
     <span class='ocr_line' id='line_1_34' title="bbox 0 2223 1809 2297; baseline -0.001 -20"><span class='ocrx_word' id='word_1_310' title='bbox 0 2231 1 2235; x_wconf 74' lang='grc'>’</span> <span class='ocrx_word' id='word_1_311' title='bbox 56 2230 306 2297; x_wconf 88' lang='lat' dir='ltr'>pruinam,</span> <span class='ocrx_word' id='word_1_312' title='bbox 327 2224 515 2274; x_wconf 81' lang='lat' dir='ltr'>indicat</span> <span class='ocrx_word' id='word_1_313' title='bbox 540 2225 747 2273; x_wconf 89' lang='lat' dir='ltr'>latentes</span> <span class='ocrx_word' id='word_1_314' title='bbox 769 2224 976 2278; x_wconf 84' lang='lat' dir='ltr'>halitus,</span> <span class='ocrx_word' id='word_1_315' title='bbox 991 2223 1148 2274; x_wconf 79' lang='lat' dir='ltr'>siccos</span> <span class='ocrx_word' id='word_1_316' title='bbox 1170 2228 1221 2275; x_wconf 69' lang='grc' dir='ltr'>δε</span> <span class='ocrx_word' id='word_1_317' title='bbox 1243 2227 1460 2282; x_wconf 85' lang='lat' dir='ltr'>calidos,</span> <span class='ocrx_word' id='word_1_318' title='bbox 1481 2228 1809 2277; x_wconf 86' lang='lat' dir='ltr'>metallorum</span> 
     </span>
     <span class='ocr_line' id='line_1_35' title="bbox 57 2287 1811 2353; baseline -0.001 -12"><span class='ocrx_word' id='word_1_319' title='bbox 57 2292 294 2343; x_wconf 82' lang='lat' dir='ltr'>nutrices.</span> <span class='ocrx_word' id='word_1_320' title='bbox 358 2287 575 2337; x_wconf 85' lang='lat' dir='ltr'>Eosdem</span> <span class='ocrx_word' id='word_1_321' title='bbox 597 2288 766 2352; x_wconf 85' lang='lat' dir='ltr'>prodit</span> <span class='ocrx_word' id='word_1_322' title='bbox 790 2304 975 2337; x_wconf 87' lang='lat' dir='ltr'>mucor</span> <span class='ocrx_word' id='word_1_323' title='bbox 991 2292 1044 2338; x_wconf 85' lang='lat' dir='ltr'>in</span> <span class='ocrx_word' id='word_1_324' title='bbox 1067 2289 1317 2353; x_wconf 87' lang='lat' dir='ltr'>superficie</span> <span class='ocrx_word' id='word_1_325' title='bbox 1332 2325 1346 2345; x_wconf 92' lang='lat'>,</span> <span class='ocrx_word' id='word_1_326' title='bbox 1370 2292 1518 2340; x_wconf 85' lang='lat' dir='ltr'>color</span> <span class='ocrx_word' id='word_1_327' title='bbox 1535 2294 1583 2340; x_wconf 88' lang='lat' dir='ltr'>in</span> <span class='ocrx_word' id='word_1_328' title='bbox 1607 2293 1736 2348; x_wconf 75' lang='lat' dir='ltr'>foliis</span> <span class='ocrx_word' id='word_1_329' title='bbox 1757 2291 1811 2339; x_wconf 88' lang='lat' dir='ltr'>li-</span> 
     </span>
     <span class='ocr_line' id='line_1_36' title="bbox 48 2351 1803 2418; baseline -0.003 -11"><span class='ocrx_word' id='word_1_330' title='bbox 48 2355 226 2408; x_wconf 84' lang='lat' dir='ltr'>-vidus,</span> <span class='ocrx_word' id='word_1_331' title='bbox 247 2352 384 2400; x_wconf 88' lang='lat' dir='ltr'>odor</span> <span class='ocrx_word' id='word_1_332' title='bbox 404 2351 710 2416; x_wconf 76' lang='lat' dir='ltr'>sulphureus.</span> <span class='ocrx_word' id='word_1_333' title='bbox 807 2352 886 2401; x_wconf 83' lang='lat' dir='ltr'>Sic</span> <span class='ocrx_word' id='word_1_334' title='bbox 909 2353 1091 2416; x_wconf 84' lang='lat' dir='ltr'>Iapides</span> <span class='ocrx_word' id='word_1_335' title='bbox 1120 2352 1239 2418; x_wconf 83' lang='lat' dir='ltr'>saepe</span> <span class='ocrx_word' id='word_1_336' title='bbox 1261 2353 1446 2405; x_wconf 87' lang='lat' dir='ltr'>fodinae</span> <span class='ocrx_word' id='word_1_337' title='bbox 1464 2356 1575 2405; x_wconf 86' lang='lat' dir='ltr'>sunt</span> <span class='ocrx_word' id='word_1_338' title='bbox 1593 2356 1803 2404; x_wconf 87' lang='lat' dir='ltr'>indices:</span> 
     </span>
     <span class='ocr_line' id='line_1_37' title="bbox 58 2413 1805 2482; baseline -0.003 -12"><span class='ocrx_word' id='word_1_339' title='bbox 58 2435 177 2471; x_wconf 89' lang='lat' dir='ltr'>nam</span> <span class='ocrx_word' id='word_1_340' title='bbox 205 2416 238 2465; x_wconf 81' lang='lat' dir='ltr'>si</span> <span class='ocrx_word' id='word_1_341' title='bbox 267 2415 473 2464; x_wconf 88' lang='lat' dir='ltr'>rutilent</span> <span class='ocrx_word' id='word_1_342' title='bbox 505 2430 687 2465; x_wconf 86' lang='lat' dir='ltr'>eorum</span> <span class='ocrx_word' id='word_1_343' title='bbox 718 2413 894 2470; x_wconf 84' lang='lat' dir='ltr'>frusta,</span> <span class='ocrx_word' id='word_1_344' title='bbox 927 2417 961 2466; x_wconf 87' lang='lat' dir='ltr'>fi</span> <span class='ocrx_word' id='word_1_345' title='bbox 990 2420 1104 2482; x_wconf 85' lang='lat' dir='ltr'>igne</span> <span class='ocrx_word' id='word_1_346' title='bbox 1134 2418 1428 2481; x_wconf 78' lang='lat' dir='ltr'>liquescant,</span> <span class='ocrx_word' id='word_1_347' title='bbox 1449 2420 1527 2470; x_wconf 84' lang='lat' dir='ltr'>vel</span> <span class='ocrx_word' id='word_1_348' title='bbox 1552 2421 1805 2468; x_wconf 83' lang='lat' dir='ltr'>emineant</span> 
     </span>
     <span class='ocr_line' id='line_1_38' title="bbox 0 2481 1801 2550; baseline -0.002 -18"><span class='ocrx_word' id='word_1_349' title='bbox 0 2487 12 2550; x_wconf 42' lang='lat' dir='ltr'>ii</span> <span class='ocrx_word' id='word_1_350' title='bbox 59 2481 287 2550; x_wconf 89' lang='lat' dir='ltr'>pondere</span> <span class='ocrx_word' id='word_1_351' title='bbox 309 2512 321 2532; x_wconf 77' lang='lat'><strong>7</strong></span> <span class='ocrx_word' id='word_1_352' title='bbox 347 2494 495 2532; x_wconf 86' lang='lat' dir='ltr'>cave,</span> <span class='ocrx_word' id='word_1_353' title='bbox 526 2495 588 2527; x_wconf 90' lang='lat' dir='ltr'>ne</span> <span class='ocrx_word' id='word_1_354' title='bbox 608 2491 758 2534; x_wconf 87' lang='lat' dir='ltr'>teras,</span> <span class='ocrx_word' id='word_1_355' title='bbox 779 2496 898 2528; x_wconf 90' lang='lat' dir='ltr'>nam</span> <span class='ocrx_word' id='word_1_356' title='bbox 918 2482 1028 2531; x_wconf 87' lang='lat' dir='ltr'>leve</span> <span class='ocrx_word' id='word_1_357' title='bbox 1052 2483 1118 2531; x_wconf 91' lang='lat' dir='ltr'>nil</span> <span class='ocrx_word' id='word_1_358' title='bbox 1148 2483 1334 2532; x_wconf 88' lang='lat' dir='ltr'>indicat</span> <span class='ocrx_word' id='word_1_359' title='bbox 1363 2498 1557 2533; x_wconf 86' lang='lat' dir='ltr'>tantum</span> <span class='ocrx_word' id='word_1_360' title='bbox 1582 2481 1801 2548; x_wconf 86' lang='lat' dir='ltr'>pondus,</span> 
     </span>
     <span class='ocr_line' id='line_1_39' title="bbox 0 2541 1802 2663; baseline -0.002 -62"><span class='ocrx_word' id='word_1_361' title='bbox 0 2554 11 2613; x_wconf 62' lang='lat' dir='ltr'>l</span> <span class='ocrx_word' id='word_1_362' title='bbox 48 2547 135 2601; x_wconf 73' lang='lat' dir='ltr'>ml</span> <span class='ocrx_word' id='word_1_363' title='bbox 152 2543 349 2599; x_wconf 77' lang='lat' dir='ltr'>obscuri</span> <span class='ocrx_word' id='word_1_364' title='bbox 374 2541 458 2595; x_wconf 84' lang='lat' dir='ltr'>hic</span> <span class='ocrx_word' id='word_1_365' title='bbox 478 2543 730 2612; x_wconf 83' lang='lat' dir='ltr'>splendor.</span> <span class='ocrx_word' id='word_1_366' title='bbox 828 2542 946 2663; x_wconf 77' lang='lat' dir='ltr'>ImYo</span> <span class='ocrx_word' id='word_1_367' title='bbox 975 2561 1034 2594; x_wconf 84' lang='lat' dir='ltr'>cx</span> <span class='ocrx_word' id='word_1_368' title='bbox 1050 2546 1304 2615; x_wconf 75' lang='lat' dir='ltr'>lapidum,</span> <span class='ocrx_word' id='word_1_369' title='bbox 1327 2551 1404 2602; x_wconf 84' lang='lat' dir='ltr'>vel</span> <span class='ocrx_word' id='word_1_370' title='bbox 1421 2550 1575 2614; x_wconf 86' lang='lat' dir='ltr'>glebae</span> <span class='ocrx_word' id='word_1_371' title='bbox 1599 2550 1802 2663; x_wconf 62' lang='lat' dir='ltr'>col1ore‚</span> 
     </span>
     <span class='ocr_line' id='line_1_40' title="bbox 0 2623 1745 2679; baseline 0 -16"><span class='ocrx_word' id='word_1_372' title='bbox 0 2623 11 2649; x_wconf 70' lang='lat'>³²</span> <span class='ocrx_word' id='word_1_373' title='bbox 975 2623 1003 2672; x_wconf 83' lang='lat'><em>3</em></span> <span class='ocrx_word' id='word_1_374' title='bbox 1623 2629 1672 2679; x_wconf 80' lang='lat' dir='ltr'>ip</span> <span class='ocrx_word' id='word_1_375' title='bbox 1695 2628 1745 2664; x_wconf 85' lang='lat' dir='ltr'>as</span> 
     </span>
    </p>
   </div>
   <div class='ocr_carea' id='block_1_3' title="bbox 0 0 25 2447">
    <p class='ocr_par' dir='ltr' id='par_1_3' title="bbox 0 0 25 2447">
     <span class='ocr_line' id='line_1_41' title="bbox 0 0 25 2447; baseline 0 0"><span class='ocrx_word' id='word_1_376' title='bbox 0 0 25 2447; x_wconf 95' lang='lat' dir='ltr'> </span> 
     </span>
    </p>
   </div>
  </div>
 </body>
</html>
