2175 2911
40 2094 87 2145 T
82 2094 222 2151 ilkom.

340 128 400 162 12
910 106 1041 156 Atlas
1059 103 1389 167 Philofhphicm.

277 206 339 255 ris
360 205 722 268 Proto-parens
735 234 748 256 ,
783 199 871 265 qui
891 197 1047 250 stellas
1068 199 1424 264 magnitudinis
1441 198 1613 264 primae
1626 198 1813 249 centies
1833 197 2030 265 septies-»3

273 267 497 318 secundae
527 263 817 330 nonagesies
843 281 856 317 ς
892 265 1042 313 tertiae
1062 263 1319 327 sexagesies
1342 263 1410 311 bis
1432 279 1446 315 5
1486 275 1669 326 quartae
1705 266 2032 329 quinquagies

274 326 476 396 q‘uaters
500 332 683 393 quintae
704 327 916 392 trigesies
931 326 1102 379 sexiess
1126 327 1263 374 sextae
1285 326 1444 374 decies
1470 327 1622 374 oeiies
1649 326 2036 391 amplitudinem

272 394 414 466 globi
437 394 710 456 terraquei,
739 390 855 440 inse
885 390 1154 455 complesti
1176 404 1287 438 non
1307 388 1476 439 modo
1503 401 1664 453 putat,
1700 389 1844 439 sed&
1865 388 2036 438 firmis-

273 462 425 508 hmus
447 455 698 507 asseverat.
800 456 1006 504 Omitto
1023 453 1238 502 aliorum
1259 452 1436 508 judicia
1457 449 1623 501 studio
1640 487 1650 502 ‚
1673 454 1789 527 quia
1808 453 2034 516 superant

274 521 542 570 rudiorum
569 518 809 577 judicium
836 551 867 580 ‚·
886 532 979 566 nec
1002 519 1153 565 etiam
1177 515 1203 564 a
1223 515 1400 564 Doetis
1430 514 1715 580 promiscue
1743 515 2030 565 creduntur.

274 580 429 634 Certe
439 583 713 636 Ricciolus‚
729 580 1081 646 magnitudinis
1101 575 1637 643 primaeAstronomus,
1676 579 2036 642 roportionem

274 661 414 696 terroe
438 646 500 695 ad
513 643 702 695 stellam
724 647 892 710 primae
917 643 1269 706 magnitudinis
1291 644 1435 706 ponit
1450 654 1503 689 ut
1528 655 1569 687 1.
1586 656 1612 687 a
1675 652 1779 698 515,
1799 635 1958 703 idque
1982 646 2038 691 in.

275 712 437 775 Syrio.
508 711 663 759 Sextae
691 707 1041 774 magnitudinis
1065 719 1117 754 ut
1144 720 1158 750 1
1191 706 1251 754 ad
1275 719 1319 762 9.
1337 703 1492 767 idque
1514 705 1566 752 in
1580 703 1768 752 Alcor:
1801 703 2037 753 Globum

275 771 748 836 vero'tcrraqueum
772 771 834 820 acl
855 769 1174 822 firmamenti,
1192 768 1273 816 scu
1296 767 1479 817 Mundi
1501 765 1695 816 visibilis
1709 766 1908 816 Orbem
1920 778 1974 815 ut
1991 780 2035 822 1,

276 837 341 886 ad
354 848 782 896 2744000000000.
820 835 894 883 At
907 835 956 882 in
969 831 1230 897 hypothesi
1243 826 1595 895 Copernicana
1607 830 1906 879 incredibilis
1924 844 2039 879 om-
2055 880 2058 883 ,

277 898 404 949 nino
425 901 560 948 foret
578 899 845 963 proportio
865 915 874 945 :
912 895 1161 958 fiquidem
1189 891 1323 942 stella
1345 892 1701 941 maonitudinis
1721 894 1892 956 primae
1915 908 2042 941 con-

276 965 458 1011 tineret
475 974 683 1015 terram,
708 963 1152 1024 Longomontano
1173 953 1292 1003 teste
1308 989 1320 1007 ‚
1340 957 1435 1004 vici
1475 969 1528 1002 us
1555 954 1930 1005 121670000003
1947 956 2039 1004 So-

278 1027 382 1074 lem
406 1024 527 1073 vero
554 1025 818 1080 86901143.
890 1020 1036 1070 Unde
1051 1019 1200 1067 Orbis
1220 1017 1429 1064 fixarum
1449 1015 1904 1076 comprehenderet
1917 1018 2039 1067 Coe-

276 1090 386 1138 lum
410 1088 537 1136 Solis
563 1086 687 1133 ultra
709 1087 840 1132 vices
870 1084 928 1138 69
950 1094 1045 1126 ooo
1065 1093 1165 1127 000
1185 1093 1280 1122 ooo
1302 1091 1395 1123 ooo
1409 1111 1420 1126 ,
1453 1076 1689 1123 Ricciolo
1713 1078 2037 1133 calculatore‚

277 1165 434 1212 quem
475 1161 748 1196 numerum
773 1141 1171 1208 pronuntiabunt
1195 1140 1336 1190 ciniis
1365 1136 1713 1191 Arithmetici,
1751 1139 1908 1204 quam
1936 1157 2038 1194 cte-

273 1213 397 1262 dent
413 1210 628 1260 saniores
657 1203 977 1259 Astrouomi.

405 1339 604 1390 LEUC:
672 1337 721 1387 Si
744 1335 908 1385 moles
931 1330 1061 1383 adeo
1083 1328 1226 1384 vastae
1243 1365 1256 1386 ‚
1280 1330 1435 1382 veluti
1459 1324 1663 1382 illustres
1681 1344 1760 1383 tot
1783 1333 1970 1389 Insulae,
1987 1336 2039 1384 in

274 1418 482 1467 aequore
504 1405 656 1450 a'e'reo
677 1401 886 1448 natitant
900 1431 912 1452 ‚
936 1399 1044 1459 quis
1064 1397 1155 1445 illis
1175 1408 1379 1444 motum
1401 1396 1537 1445 dabit
1547 1407 1651 1444 tam
1670 1397 1885 1446 celerem
1902 1401 2038 1461 ?quis

275 1467 341 1514 ad
370 1465 788 1514 Mathematicam
822 1458 1053 1509 amull'im
1082 1459 1310 1508 exactum
1330 1457 1483 1515 adeo,
1509 1462 1560 1509 ὃ(
1579 1461 1894 1523 regularem?
1931 1463 2042 1512 Au-

276 1525 382 1592 riga
399 1527 582 1576 Hercle
597 1523 665 1574 est
686 1539 814 1590 opus
836 1557 848 1579 ‚
878 1521 1156 1588 plusquam
1179 1520 1497 1572 Phaetonteo
1523 1555 1536 1576 ‚
1569 1526 1656 1585 qui
1685 1524 1861 1588 dirigat
1884 1543 1894 1572 :
1941 1540 2039 1575 nec

275 1590 369 1639 soli
388 1592 552 1638 currui
564 1588 797 1639 Phoebeo
811 1621 824 1641 ,
845 1589 1095 1651 Pyroenta
1116 1585 1257 1634 suum
1272 1618 1284 1639 ‚
1309 1584 1582 1648 Eoumque
1605 1585 1699 1635 effe
1712 1588 2036 1645 crediderim,

278 1653 363 1703 sed
390 1655 439 1702 &
460 1653 559 1708 aliis
584 1651 807 1701 Orbibus
841 1652 1071 1716 proprios
1102 1648 1282 1712 iugales
1307 1680 1321 1701 ,
1372 1651 1458 1710 qui
1489 1681 1501 1699 ‚
1583 1647 1656 1697 lus
1680 1651 1866 1711 Pegaso
1891 1653 2041 1705 alati,

277 1731 390 1765 non
404 1714 507 1764 tain
532 1715 813 1767 decurrant,
840 1715 992 1776 quam
1011 1711 1276 1776 pervolent
1296 1710 1399 1760 hoc
1413 1710 1543 1759 coele
1591 1711 2033 1776 chippodrornon.

281 1781 439 1825 MEL:
507 1780 637 1828 Non
657 1780 868 1826 inaniter
897 1777 1131 1840 argutaris
1159 1793 1169 1821 :
1208 1777 1402 1822 namin
1427 1775 1579 1823 unico
1600 1789 1749 1824 motu
1774 1780 2040 1839 geminum

279 1841 438 1906 Sophi
461 1837 657 1906 stupent
677 1840 966 1905 prodigium
988 1857 997 1886 :
1035 1839 1359 1889 velocitatem
1382 1837 1560 1886 scilicet
1581 1849 1770 1887 tantam
1788 1873 1801 1892 ‚
1832 1838 2041 1903 tamque

281 1906 659 1959 ordinatarm&
683 1905 980 1967 regularem⁴
1078 1903 1262 1951 Nolim
1284 1916 1410 1965 ego,
1444 1903 1661 1950 incertos
1692 1898 2042 1954 Astronomo-

282 1984 397 2016 rum
417 1969 660 2023 calculos,
675 1967 852 2016 librare
871 1965 934 2015 ad
959 1964 1349 2014 Arithmeticam
1361 1966 1617 2017 trutinam,
1631 1963 1681 2012 id
1692 1964 1875 2021 refero,
1896 1968 2042 2029 quod

282 2030 578 2094 Sophorum
604 2047 713 2079 non
742 2045 901 2079 nemo
932 2028 1154 2078 Curiofis
1177 2024 1331 2077 nostri
1354 2029 1596 2091 temporis
1624 2027 1834 2092 Phyiicis
1856 2031 2041 2079 referre

286 2109 395 2142 non
419 2094 675 2143 dubitavit.
745 2095 836 2143 Ait
861 2093 964 2141 ille:
1002 2093 1245 2156 punctum
1264 2091 1530 2154 quodlibet
1549 2089 2037 2147 firmamenti,unius

41 2156 257 2217 Phyficur·
283 2156 476 2206 horulae
500 2156 675 2219 spatio,
701 2170 849 2205 motu
871 2153 1037 2221 raptus
1053 2189 1065 2209 ,
1099 2156 1183 2205 sub
1207 2167 1461 2217 aequatore
1484 2170 1766 2219 percurrere
1791 2152 1942 2220 longe
1968 2158 2040 2204 ul-

33 2216 210 2283 p.2.f.

37 2296 151 2331 220.

288 2233 362 2269 tra
382 2219 655 2281 octogefies
676 2233 887 2269 centena
904 2221 1190 2268 milliarium
1214 2218 1391 2273 millia,
1415 2233 1526 2280 quae
1544 2220 1626 2268 vix
1644 2221 1783 2269 annis
1796 2219 1865 2267 bis
1879 2219 2032 2274 mille,

289 2283 558 2344 nongentis
577 2295 792 2343 quatuor
814 2298 1093 2356 peragrat-es
1114 2315 1129 2336 ‚
1159 2280 1242 2330 etfi
1307 2294 1400 2331 uot
1417 2280 1589 2331 diebus
1612 2281 2038 2349 oetopgermanica

239 2354 242 2355 ’
289 2346 565 2395 conficeres
586 2345 831 2393 milliaria:
868 2346 978 2396 imo
997 2347 1227 2396 velocior
1245 2360 1271 2392 e
1338 2346 1420 2394 ille
1447 2357 1642 2399 motus,
1663 2359 1816 2406 quam
1836 2342 2031 2414 sagittae,

288 2409 371 2459 vel
391 2410 494 2458 avis
509 2440 520 2459 ,
548 2422 655 2470 quae
677 2406 829 2470 spatio
850 2411 1084 2464 minimo,
1098 2407 1372 2473 plusquam
1393 2409 1585 2473 leptim,
1611 2419 1747 2454 terrae
1760 2417 1912 2454 totius
1931 2424 2034 2456 am-

43 2477 164 2524 Idem
170 2484 251 2535 p.1
288 2473 450 2522 bitum
468 2470 871 2518 circumvolaret.
971 2473 1115 2521 Idem
1136 2471 1249 2520 alibi
1275 2471 1433 2521 afferit
1463 2472 1714 2541 Planetam
1736 2467 1951 2532 positum
1981 2474 2035 2521 in

41 2541 213 2600 6203.

286 2547 559 2601 aequatoxe,
576 2533 715 2591 horis
729 2531 942 2599 singulis,
951 2534 1228 2603 plusquam
1242 2534 1440 2602 vigesies
1450 2531 1710 2598 quinquies
1729 2544 1938 2582 centena
1953 2533 2035 2585 de.

1769 2610 1967 2655 cuncte
