2175 2911
27 527 34 594 l

24 622 29 737 ‚l

25 854 29 906 ξ
40 831 42 833 ,

766 119 1002 167 Academia
1033 122 1282 175 Brutorum.
1738 142 1828 190 139

150 204 289 262 dice,
310 205 470 258 dixisti
492 209 688 260 toturn?
723 209 925 258 Naturae
949 207 1122 256 horres
1146 208 1419 268 instinetus,
1444 215 1495 264 ὃς
1515 228 1630 280 ego,
1647 223 1704 263 ut
1719 215 1893 271 fatear,

152 271 375 320 aversor:
413 272 534 335 quid
554 275 725 335 igitur?
760 287 823 319 an
835 270 1206 320 admittendum
1226 277 1404 329 censes,
1424 276 1453 325 a
1475 279 1635 327 Brutis
1655 277 1894 343 cognosci

151 334 319 402 media
335 368 347 388 ‚
371 347 521 398 prout
539 336 674 383 utilia
694 335 803 384 sunt
824 335 886 383 ad
907 333 1091 386 finem?
1127 350 1189 380 an
1220 337 1399 387 iudicas
1416 373 1428 391 ,
1447 339 1594 401 quod
1624 342 1895 405 apprchen-

151 396 226 443 110
251 400 424 462 praevia
441 431 453 450 ,
478 398 540 446 de
566 399 718 455 medij
749 399 1107 462 proportione,
1127 396 1192 444 ad
1217 397 1454 454 judicium
1482 403 1563 451 illa
1595 404 1894 453 determinet

148 463 583 525 comparativum?
618 478 682 509 an
705 464 766 510 ad
786 460 1071 510 Discursum
1087 491 1099 512 ‚
1122 461 1201 508 vel
1229 465 1369 522 quod
1402 466 1517 513 inde
1538 466 1643 515 fluit
1659 500 1670 519 ,
1694 469 1896 517 ele-etio-

150 535 272 571 nem
300 520 450 572 &iam
469 524 676 575 liberam
698 524 848 580 medii
879 535 1082 589 propter
1109 521 1299 571 finem?
1351 543 1504 591 apage
1538 527 1762 578 monstra
1782 531 1895 580 Phi-

146 584 413 651 losophiae‚
441 602 550 650 quae
571 604 679 636 non
698 587 785 636 niti
802 587 1063 636 haereticos
1085 582 1198 648 post
1218 587 1263 633 se
1284 589 1487 638 trahunt
1506 592 1734 641 abortus!
1771 593 1894 656 quid

146 645 460 698 sentiendum
478 652 654 713 igitur?
689 651 890 699 adverte
915 653 1160 702 animum,
1178 648 1300 697 dum
1325 657 1488 714 paucis
1511 655 1598 703 tibi
1622 672 1789 705 meam
1811 673 1894 705 cu-

145 715 233 775 pio
255 713 552 777 perspCCtam
575 727 818 761 mentem.
920 710 993 763 Ni
1013 710 1339 761 vehementer
1359 731 1441 763 me
1463 717 1640 766 fallunt
1661 720 1758 772 illa,
1783 735 1894 783 quae

147 780 197 825 in
219 777 444 824 medium
471 773 666 823 attulisti
690 776 951 829 haestenus,
975 775 1175 824 homini
1203 778 1253 823 in
1283 777 1418 826 suam
1444 782 1753 829 Sententiam
1784 799 1894 832 non

140 837 338 904 penitus
367 833 646 887 obstInaro,
669 841 719 887 ὃς
739 838 959 892 suadent,
975 842 1052 894 dc,
1077 837 1131 887 ut
1153 855 1294 892 reor,
1318 842 1635 906 persuadent,
1656 846 1806 892 ctiam
1830 846 1894 894 ab

145 901 364 950 Avicuia
383 914 491 946 non
508 899 709 948 tantum
732 904 970 970 cognosci
988 904 1294 966 palean1,ted
1312 908 1366 955 ὅ(
1380 907 1791 954 convenientiam
1815 923 1897 971 pa-

143 963 231 1011 ieae
251 962 312 1010 ad
332 963 488 1011 talem
513 961 697 1012 finem:
731 963 877 1027 quod
910 978 1079 1014 autem
1101 967 1206 1016 haec
1236 983 1345 1016 non
1372 969 1645 1032 cognoscat
1666 985 1755 1033 per
1776 970 1899 1026 judi-

138 1026 279 1074 cium
310 1028 743 1089 comparativum,
776 1027 1006 1077 dabimus
1033 1029 1245 1078 adversae
1278 1034 1427 1094 parti,
1448 1047 1541 1080 nec
1570 1034 1734 1080 inviti:
1781 1034 1898 1095 quia

141 1090 329 1138 evincit
349 1091 475 1136 ratio
492 1121 504 1141 ,
522 1092 577 1138 <Sc
600 1105 729 1153 pene
749 1089 965 1139 dixiss'em
979 1123 991 1144 ,
1020 1096 1223 1153 requi-rit
1241 1093 1380 1142 fides.
1471 1095 1642 1144 Media
1660 1098 1807 1159 igitur
1829 1108 1900 1144 te·-

144 1152 311 1200 ne'nda
343 1154 422 1200 via
444 1148 537 1205 est,
557 1166 614 1200 ut
642 1155 762 1202 vites
791 1154 1034 1215 Scyllam,
1054 1170 1149 1202 nee
1175 1168 1345 1204 tamen
1376 1157 1561 1205 incidas
1586 1159 1639 1206 in
1670 1158 1898 1223 Charyb·

141 1215 266 1263 dim.
375 1215 666 1264 Dicendum
709 1215 942 1268 firmiter,
975 1219 1213 1279 cognosci
1243 1219 1305 1267 ab
1339 1219 1558 1269 Avicula
1594 1222 1744 1278 medii
1780 1238 1897 1286 pro-

143 1281 441 1344 portionem
468 1312 480 1332 ,
513 1294 623 1326 non
656 1279 866 1341 quidem
903 1279 1119 1332 iudicio,
1143 1279 1224 1328 sed
1253 1281 1647 1346 apprehensione
1672 1285 1896 1346 quadam

142 1339 548 1409 proportionata,
565 1356 662 1404 qua
680 1340 951 1390 necessario
969 1341 1332 1392 determinetur
1351 1345 1413 1393 ad
1433 1348 1772 1410 appetendum
1793 1347 1897 1398 hoc

143 1406 313 1470 potius
339 1406 582 1458 medium,
601 1404 761 1467 quam
780 1404 920 1455 illud,
936 1404 998 1451 ad
1018 1406 1298 1453 tollendam
1319 1407 1486 1469 potius
1514 1411 1725 1471 paleam,
1742 1409 1898 1471 quam

142 1471 386 1534 lapillum.
456 1470 572 1517 Hoc
593 1481 762 1516 autem
781 1466 1033 1520 modo,an
1044 1471 1095 1516 in
1113 1467 1271 1531 phrafi
1286 1467 1573 1518 scholastica
1585 1472 1735 1519 Bruta
1750 1484 1898 1535 agant

142 1545 348 1599 propter
376 1531 530 1580 finem
559 1531 838 1579 formaliter
862 1564 875 1584 ‚
904 1529 985 1578 sed
1013 1527 1306 1596 imperfeCle
1331 1565 1344 1585 ,
1375 1532 1437 1580 de
1467 1535 1681 1581 nomine
1713 1534 1770 1581 lis
1804 1531 1897 1589 est,

144 1612 302 1661 quam
320 1596 383 1643 ad
403 1595 586 1651 —Orbilij
610 1597 849 1642 trutinam
877 1595 1114 1643 ventilare
1135 1610 1229 1643 nec
1252 1594 1400 1649 libet,
1424 1610 1518 1645 nec
1541 1596 1674 1646 licet.

271 1659 469 1709 LEUC:
539 1654 712 1709 Beates
748 1673 870 1705 nam
889 1657 1120 1706 medium
1144 1671 1306 1707 tenes:
1343 1662 1540 1722 utrique
1565 1662 1691 1724 parti
1708 1660 1794 1709 das
1815 1661 1900 1712 ali·

141 1723 452 1785 quid,neutri
475 1720 711 1769 concedis
728 1732 916 1774 totum,
931 1721 1046 1770 felix
1058 1721 1279 1775 Arbiter,
1294 1724 1409 1785 quia
1430 1725 1561 1771 elicis
1583 1738 1644 1771 ex
1669 1724 1791 1774 falso
1816 1741 1899 1774 ve-

144 1802 284 1839 tum,
312 1789 361 1835 &
385 1788 487 1834 vias
515 1783 700 1848 asperas
728 1788 1004 1848 componis
1027 1787 1079 1833 in
1106 1787 1207 1834 vias
1236 1785 1421 1850 planas.
1518 1787 1621 1835 Sed
1656 1790 1798 1836 ecce!
1836 1788 1900 1836 ad

147 1851 236 1899 viae
263 1861 451 1896 metam
479 1863 573 1897 nos
601 1844 715 1895 fistit
734 1847 1010 1897 Discursus:
1049 1845 1225 1913 praesto
1257 1845 1328 1896 est
1358 1849 1473 1898 villa
1497 1883 1510 1904 ,
1537 1849 1899 1900 ambulationis

144 1912 325 1961 tuae‚ut
344 1911 514 1963 audio,
531 1911 827 1975 plerumque
848 1913 1108 1960 terminus.
1178 1912 1344 1961 Placet
1366 1911 1505 1965 fituss
1525 1928 1618 1961 nec
1639 1916 1752 1978 ipse,
1766 1930 1900 1970 reor,

140 1975 337 2025 Tullius
356 1973 457 2022 hoc
477 1975 578 2030 jure
590 1974 866 2023 Tusculum
888 1976 1202 2024 aversaretur.
1240 1975 1403 2039 Qod
1424 1976 1493 2024 illi
1514 1979 1739 2025 nomen?
1770 1992 1901 2040 quae-

147 2054 268 2087 nam
285 2038 465 2100 origo?
501 2038 609 2099 quis
634 2038 1041 2086 lociMecoenas?
1106 2039 1264 2085 MEL:
1332 2040 1547 2087 Nomen
1560 2040 1674 2087 Villae
1691 2057 1805 2086 nova·
1824 2040 1902 2090 lo-

145 2117 213 2150 co
235 2100 415 2149 indidit
431 2101 672 2150 Novitas:
709 2104 958 2164 originem
969 2100 1122 2148 debet
1134 2099 1493 2165 Philosophiae3
1514 2117 1633 2152 nam
1655 2104 1748 2151 fuit
1759 2102 1902 2153 Tho-

145 2164 312 2218 maso,
334 2167 461 2212 inter
485 2163 685 2226 Sophos
705 2163 888 2213 illustre
904 2165 1117 2215 Nomen
1132 2196 1147 2216 ,
1169 2165 1255 2225 qui
1287 2166 1378 2212 suis
1402 2162 1568 2223 studiis
1598 2181 1901 2216 accommo-

146 2226 289 2276 darat
312 2223 538 2291 sylvestre
559 2228 662 2276 hoe
685 2228 1011 2276 Athenaeum.
1094 2228 1156 2275 Et
1179 2228 1294 2289 quia
1316 2242 1435 2277 cum
1463 2230 1677 2277 nomine
1704 2231 1899 2279 cultum

148 2305 360 2353 quoque
380 2289 606 2339 induerat
623 2291 689 2338 D.
707 2289 925 2338 Thomae
946 2289 1197 2353 Angeliei,
1221 2291 1500 2339 etiamnum
1520 2291 1697 2356 Sophi,
1710 2294 1900 2342 Villam

149 2355 252 2411 ejus
281 2353 564 2401 honoribus
589 2352 925 2407 consecravit,
956 2354 1090 2402 unde
1119 2354 1171 2401 in
1202 2351 1338 2402 hunc
1364 2354 1501 2404 diem
1529 2369 1738 2418 quoque
1762 2355 1900 2403 audit

152 2418 264 2466 Villa
283 2418 515 2475 Angelica,
547 2414 751 2479 ejusque
776 2417 1008 2479 insignia,
1034 2420 1119 2462 Bos
1141 2429 1308 2468 mutus,
1332 2419 1383 2465 in
1401 2418 1711 2482 frontispicio
1739 2416 1897 2465 visun-

149 2492 247 2530 tur,
317 2482 413 2529 Hic
429 2478 626 2543 Sophus
646 2475 837 2528 illustris
852 2513 864 2534 ‚
880 2479 972 2528 ubi
994 2480 1119 2528 Fatis
1136 2477 1375 2529 concessit
1396 2497 1513 2530 eum
1536 2494 1780 2544 tempore,
1803 2478 1900 2528 hae-

152 2545 329 2596 tedem
352 2543 455 2596 loci
468 2541 647 2609 scripsit
666 2544 968 2658 Peripatuntg
983 2542 1120 2600 cujus
1142 2542 1305 2597 usibus
1330 2545 1607 2599 etiamtum
1629 2544 1788 2594 tervin
1803 2557 1899 2614 pec
