2175 2911
365 118 382 149 1
392 115 456 159 94
964 101 1107 147 Momi
1134 96 1344 156 fenestra.

311 193 588 242 verentiam
611 185 768 241 nostri
788 189 976 247 Ducis,
993 191 1206 241 minime
1226 190 1380 241 ausim
1398 188 1620 247 inficiari,
1639 191 1673 242 fi
1695 193 1745 244 ὅ(
1765 191 1843 249 alii
1878 194 2061 245 humo-

313 270 414 309 res,
436 271 492 303 ac
519 250 761 319 praecipue
779 253 981 304 cholera
997 288 1009 309 ,
1034 252 1214 312 iustum
1238 255 1508 318 adjungant
1527 256 1743 321 pondus.
1822 253 1904 307 Est
1922 259 2062 308 enim

317 313 613 380 quotidiana
637 317 931 382 experientia
964 318 1066 366 hoc
1100 315 1449 369 manifestum,
1473 319 1878 375 Melancholicos
1916 335 2058 369 com-

312 383 536 430 munitet
566 380 746 429 dostos
772 414 783 432 ‚
814 394 897 429 aut
938 381 1117 430 doctos
1156 382 1443 429 eorhuniter
1465 382 1899 431 Melancholicos:
1941 398 2065 432 nam

315 443 606 493 solitudines
631 456 828 498 amant,
862 447 913 494 <Sc
940 441 1122 498 studia,
1145 442 1245 492 fine
1279 443 1459 506 quibus
1489 459 1647 493 nemo
1680 443 1824 494 facile
1855 445 2063 500 doetus»,

318 504 440 554 teste
463 508 706 556 Horatio:
743 509 1002 566 Scriptorum
1022 509 1175 553 Chorus
1199 511 1328 552 omnis
1352 519 1471 552 amat
1499 522 1665 558 nemus,
1685 510 1741 556 (y
1759 506 1880 566 fugit
1901 507 2057 555 Urbes.

325 568 489 639 Qod
515 569 548 618 fi
577 583 748 617 tamen
768 569 1123 634 Philosophus,
1146 583 1278 618 extra
1311 570 1459 618 lancis
1485 569 1690 634 physscae
1720 569 2064 634 regulam,his

318 634 491 696 elogiis
510 646 668 681 atram
689 633 838 680 bilem
869 633 1208 686 condecoret,
1240 635 1470 681 Oratoris
1495 635 1721 682 Romani
1759 633 1946 690 judicio
1974 648 2062 681 me

318 696 601 744 conformo
623 728 635 749 ,
663 697 750 757 qui
783 695 888 743 haec
922 697 1087 760 legens
1128 698 1181 743 in
1212 697 1436 758 Stagirita
1460 728 1472 748 ,
1509 697 1658 743 malle
1682 694 1754 749 se,
1786 694 2055 748 afferebat,

319 759 596 807 tardiorem
630 758 723 807 esse
757 760 989 821 ingenio,
1016 758 1171 821 quam
1201 757 1574 806 melancholico
1602 760 1781 822 genio,
1806 771 1860 806 ut
1888 758 1951 806 ab
1975 757 2064 806 hu-

314 824 478 870 moris
503 821 645 877 hujus
668 823 961 885 intemperie
979 820 1177 885 longius
1205 819 1401 868 abess'et.
1482 823 1714 870 Noverat
1743 821 2063 875 scilicet,Me·

316 884 625 933 lanchol-iam
649 917 662 937 ,
699 899 808 932 non
840 880 971 932 male
1003 884 1066 932 ab
1103 883 1348 945 aliquibus
1376 882 1633 931 definitam
1653 915 1666 936 ,
1702 881 1845 944 quod
1877 882 1934 931 fit
1957 884 2065 929 deli-

317 949 432 992 rium
473 963 540 993 me
557 945 708 1004 febre,
723 947 811 1005 fine
839 946 964 992 causei
988 959 1142 996 metus,
1150 946 1238 1004 fine
1262 949 1427 991 ratione
1448 958 1624 992 tremor.
1703 947 1935 995 Noverat
1951 944 2061 993 fuiss

315 1009 391 1060 se,
415 1012 500 1072 qui
528 1009 632 1057 hoc
667 1022 777 1056 atro
804 1008 1140 1071 symptomate
1178 1007 1431 1058 turbatus,
1464 1007 1674 1059 diceret,
1693 1007 1738 1053 se
1766 1008 2061 1055 mortalium

319 1069 468 1136 plane
498 1071 857 1121 miserrimum,
885 1069 949 1116 eo
979 1067 1124 1129 quod
1152 1069 1257 1112 nihil
1293 1069 1431 1114 effet:
1469 1068 1623 1114 alium
1643 1100 1660 1121 ,.
1679 1071 1765 1129 qui
1799 1070 2070 1117 lateritium

317 1134 414 1184 sest:
435 1133 643 1180 firmiter
666 1131 916 1180 crederet3
964 1127 1094 1193 adeo
1117 1141 1171 1176 ut
1194 1143 1408 1175 omnem
1432 1128 1626 1192 prorsus
1663 1142 1845 1193 potum
1877 1131 2070 1194 respue-

320 1208 423 1247 ret,
463 1209 523 1241 ne
559 1195 759 1254 liquore
789 1191 892 1240 hoc
921 1190 1125 1239 forlitan
1160 1189 1518 1239 dissolveretur.
1618 1192 1715 1241 Sed
1744 1193 1934 1242 leviora
1956 1194 2072 1242 sunt

314 1253 404 1305 ista
430 1254 785 1304 Melancholiae
809 1254 1006 1305 deliria3
1041 1255 1270 1318 legimus,
1291 1269 1420 1316 quos
1453 1254 1516 1302 ad
1540 1256 1690 1317 usque
1713 1256 1893 1304 Moriae
1913 1257 2067 1304 licen-

315 1321 440 1367 tiam
459 1319 722 1383 promovit
744 1317 934 1366 humor
955 1317 1035 1366 hic
1057 1329 1260 1365 terreus.
1360 1312 1511 1365 Certe
1544 1317 1662 1372 fuit,
1686 1319 1770 1380 qui
1800 1319 1950 1382 pedes
1977 1318 2062 1367 ha.-

317 1383 437 1431 bere
471 1384 684 1433 vitreos,
703 1392 808 1428 tam
836 1380 1090 1427 evidenter
1113 1378 1198 1427 fibi
1219 1378 1525 1443 persuaserat,
1551 1394 1604 1428 ut
1625 1396 1718 1428 nec
1739 1380 1927 1444 paffum
1949 1397 2069 1444 pro-

319 1460 534 1494 movere
567 1443 798 1496 auderet,
834 1458 897 1490 ne
927 1439 1181 1505 stylobata:
1210 1440 1339 1492 adeo
1363 1443 1580 1507 fragiles,
1605 1446 1655 1491 in
1687 1440 1835 1492 frusta
1859 1444 2064 1492 forlitan

323 1506 592 1555 diffilirent.
670 1507 777 1554 Fuit
791 1538 804 1558 ,
825 1507 909 1566 qui
934 1521 991 1552 cx
1011 1505 1195 1568 butyro
1217 1506 1542 1568 coagulatum
1564 1506 1610 1554 se
1629 1507 1831 1560 diceret,
1852 1510 1900 1557 <Sc
1921 1504 2061 1561 ideo,

317 1566 436 1618 licet
454 1567 662 1633 opificio
685 1564 843 1616 Pistor
858 1600 871 1621 ,
894 1569 1014 1615 nulli
1041 1569 1169 1631 igni,
1193 1583 1256 1615 ne
1280 1568 1444 1616 dicam
1465 1569 1666 1618 clibano
1687 1569 1775 1618 suo
1797 1571 2067 1634 appropin-

319 1631 533 1694 quabat,
560 1643 615 1679 ut
644 1646 709 1679 nc
741 1631 909 1679 calore
934 1628 1178 1679 difflueret
1203 1629 1433 1684 forfitan,
1462 1634 1511 1680 &
1542 1633 1829 1680 solveretur.
1929 1634 2065 1686 Fuit,

316 1696 406 1757 qui
430 1707 695 1742 mortuum
723 1693 839 1748 sese,
862 1696 1012 1742 etiam
1037 1692 1196 1747 iurato
1231 1692 1479 1745 afl'ereret5
1515 1692 1624 1743 imo
1646 1693 1756 1747 fuit,
1776 1697 1826 1743 ὃς
1850 1694 2059 1756 quidem

316 1753 345 1806 ὲ
364 1759 593 1820 Peripato
619 1757 816 1820 Sophus
833 1790 846 1810 ,
870 1759 955 1819 qui
990 1757 1114 1805 ultra
1143 1752 1406 1820 Magisterij
1432 1756 1679 1810 lauream,
1700 1758 1766 1804 ita
1790 1769 1891 1803 erat
1921 1756 2059 1804 nasu,-

316 1833 421 1874 tus,
447 1833 500 1868 ut
521 1821 884 1882 imaginatione
914 1816 1240 1884 praepostera,
1260 1818 1431 1867 nasum
1467 1819 1528 1867 ad
1559 1820 1731 1867 ulnam
1753 1819 2060 1867 Arcadicam

315 1882 403 1931 sibi
426 1883 709 1935 excrevisse,
729 1885 1042 1946 pertinaciter
1068 1881 1381 1931 asseveraret:
1416 1881 1534 1930 hinc
1558 1897 1623 1930 ne
1652 1878 1785 1929 forte
1808 1883 2059 1946 impinge-

318 1959 419 1999 ret,
443 1945 660 1994 haerebat
685 1946 877 2010 semper
909 1948 1184 1999 immotus,
1203 1958 1353 2006 atque
1384 1944 1585 2009 propius
1618 1943 1937 1998 accedentes,
1960 1945 2056 1993 cla-

316 2023 464 2056 more
482 2009 678 2061 valido,
699 2008 1060 2073 praemonebat,
1084 2023 1147 2056 ne
1175 2007 1533 2072 proboscidem
1552 2003 1686 2055 forte
1708 2005 2055 2061 offenderent,

321 2071 401 2118 vel
424 2072 796 2119 conculcarent.
896 2073 975 2121 Sic
996 2072 1208 2136 sapiunt,
1230 2074 1316 2134 qui
1336 2071 1552 2120 nimium
1575 2070 1791 2135 sapiunt,
1811 2073 1863 2121 ὃς
1884 2073 1933 2118 in
1945 2072 2054 2119 Me-

319 2132 726 2182 lancholicorum
751 2137 980 2199 Peripato
1003 2135 1095 2185 sese
1116 2135 1472 2183 Baccalauteos
1501 2134 1852 2197 ampullantur.

450 2196 647 2245 LEUC:
730 2197 787 2244 Id
815 2195 1078 2247 enimvero
1111 2197 1409 2246 crediderim
1430 2230 1446 2250 -,
1479 2196 1514 2245 s1
1541 2194 2051 2260 Monarchicumdibi

317 2261 587 2322 imperium
611 2259 841 2308 vendicet
863 2260 1222 2310 Melancholia.
1290 2260 1698 2325 Fac,phlegmate
1722 2269 2051 2323 temperetur,

326 2323 416 2369 erit
431 2355 444 2376 ,
464 2332 518 2370 ut
539 2320 637 2384 ipsa
660 2322 814 2370 Pallas
835 2322 967 2372 hune
986 2324 1073 2373 fibi
1095 2335 1289 2388 expetat
1307 2323 1604 2373 humorem.
1670 2323 1825 2369 MEL:
1892 2322 2050 2378 Erras;

322 2384 425 2434 fine
447 2383 650 2432 cholera
670 2386 929 2447 ingenium
953 2388 1149 2435 nul-lum
1171 2387 1411 2435 scintillat.
1495 2386 1634 2450 Age,
1653 2399 1744 2449 per
1757 2384 1981 2448 exempla
1998 2402 2049 2438 te

320 2447 507 2496 ducam
547 2446 717 2496 denuo
740 2479 755 2499 ,
786 2459 839 2495 ut
875 2446 1345 2512 phyliognomicam
1385 2449 1589 2498 tandem
1625 2444 1838 2494 addiscas
1873 2446 2045 2510 cryfin,

320 2512 352 2574 J
357 2525 576 2566 uvenem
604 2510 693 2565 tibi
723 2508 882 2576 finge,
909 2512 1241 2568 erudiendum
1268 2516 1323 2567 in
1349 2508 1580 2566 litteraria
1601 2505 1809 2576 palestra
1825 2509 2048 2623 [Inscipu.

1870 2588 1983 2626 umt.
