2175 2911
666 114 820 173 Hydra
845 111 972 168 nostri
991 113 1223 176 Temporis.
1647 133 1676 164 2
1684 131 1707 177 5
1718 132 1736 165 ι

40 201 230 267 lquam
251 215 456 254 centum
474 203 708 256 damnata
737 206 857 257 lolia
885 208 1264 273 repuhssarent:
1306 208 1438 260 adeo
1460 226 1560 261 una
1586 211 1738 261 noCte
1763 210 1809 260 se

72 268 429 330 multiplicant,
455 271 503 317 ὅ(
536 269 758 319 crescunt
776 271 946 334 fungi!
992 271 1074 320 sed
1105 275 1155 323 ὅς
1178 270 1277 328 isti,
1309 274 1532 323 Ver-itate
1554 272 1810 338 Magistra,

74 330 277 382 deteffl,
304 332 352 380 &
373 331 727 385 condemnatis
747 332 965 382 Falfitate
993 332 1116 384 vero
1140 336 1363 387 Pseudo·
1382 337 1684 402 Philosopha
1708 354 1813 388 ma-

71 388 118 440 le
140 391 351 446 defensi,
377 394 509 457 pejus
533 399 848 460 propugnafi,
869 397 992 446 dum
1009 397 1125 446 deni
1165 415 1227 448 ue
1249 397 1314 449 eo
1336 401 1537 450 vesaniae
1563 402 1814 450 delabere·

72 467 151 503 tur
171 451 416 504 obstinata
437 459 488 504 in
511 458 599 506 suo
623 473 791 507 errore
814 459 1042 514 HaereGs,
1063 473 1117 509 ut
1137 478 1165 509 a
1194 464 1432 513 Romana
1449 465 1594 517 Sede,
1618 466 1814 515 Verita-

71 519 131 565 tis
152 520 439 582 Interprete‚
460 520 523 568 ad
542 521 833 571 Concilium
853 537 1171 588 provocaret,
1186 522 1388 590 peffime
1412 528 1650 578 consulta,
1667 525 1815 590 quod

73 582 218 629 malae
246 580 399 631 causae
430 583 591 646 plures
614 597 805 648 peteret
827 586 1043 644 Judices‚
1066 589 1117 636 ὅ(
1142 589 1453 639 vindicativae
1483 587 1684 649 Justitiae
1707 591 1817 641 Ad-

72 640 340 694 ministros.
415 648 515 695 En!
552 648 709 710 quam
728 650 777 696 in
799 649 1057 713 publicum
1082 649 1325 714 denique,
1345 653 1548 703 Haerefis
1567 655 1815 713 Jansenia-

72 721 137 755 na
155 710 397 771 eruperit,
419 724 527 773 quae
552 726 663 761 non
685 710 772 760 nifi
794 715 844 760 in
867 713 1166 771 jesuitarum
1191 714 1343 766 latere
1363 718 1598 773 cerebro,
1621 716 1819 769 &Partis

73 769 283 820 adverlae
303 771 515 837 Ephoris
532 774 862 838 spargebatur.

231 896 414 946 LEUC
478 894 695 946 Statuisti
721 897 840 946 huic
862 897 1103 949 Monstro
1132 902 1483 968 horoscopum
1506 937 1520 958 ,
1540 908 1627 968 qui
1647 922 1731 954 me
1750 907 1818 955 la-

73 958 168 1006 tuit
190 956 443 1006 baetenus.
510 959 610 1006 Sed
643 962 752 1020 quis
771 962 862 1005 erit
891 962 1096 1009 Alcides
1118 994 1132 1015 ‚
1161 967 1247 1023 qui
1285 966 1533 1020 ejusmodi
1561 969 1819 1031 Hydram,

74 1021 182 1084 plus
202 1019 356 1083 quam
376 1022 628 1085 Giganteo
648 1020 838 1069 robore
857 1021 1102 1070 debellet?
1151 1026 1308 1071 MEL:
1337 1028 1489 1076 Hunc
1507 1044 1615 1077 non
1636 1031 1721 1078 alit
1733 1033 1822 1080 Pe-

73 1085 284 1147 ripatus,
302 1083 383 1132 sed
398 1085 698 1147 Prytaneum
722 1084 870 1137 illud,
893 1085 1034 1147 quod
1053 1086 1285 1136 incolunt
1295 1086 1497 1146 justini,
1524 1090 1823 1157 &Augusti.

74 1152 142 1196 ni.
211 1146 675 1211 SiPhilosophicam
696 1146 931 1211 sphaeram
962 1148 1032 1196 fas
1055 1148 1822 1218 effettransgredi‚Augustinum

75 1225 396 1273 opponerem
417 1206 702 1273 Augustino
721 1243 735 1263 ‚
761 1225 936 1259 verum
958 1211 1120 1275 spurio
1142 1246 1156 1267 ,
1179 1214 1507 1264 Catholicum
1537 1220 1819 1270 Haeretico:

79 1276 129 1322 ἀ
143 1273 306 1321 nullus
327 1272 504 1321 dubito
521 1306 534 1326 ‚
555 1276 676 1335 quin
698 1272 816 1321 huic
834 1274 1017 1336 Hydrae
1038 1276 1284 1325 contundi
1300 1277 1459 1342 posset
1476 1279 1823 1334 monstrosum

76 1348 243 1400 caput.
312 1336 410 1384 Sed
421 1335 1053 1402 PhilosophiPhilosophos
1074 1339 1326 1401 sequimur
1349 1358 1363 1393 3
1401 1340 1634 1400 aJustino
1654 1345 1823 1396 Philo·-

78 1399 243 1464 sopho
261 1400 563 1448 Herculeam
576 1413 802 1464 petemus
819 1401 1030 1449 clavam.
1123 1402 1206 1450 De
1227 1401 1331 1452 hoc
1351 1405 1663 1456 Sanetiffimo
1687 1411 1825 1458 Mar-

78 1475 187 1527 tyre
199 1463 425 1511 Annales
438 1463 689 1527 produnt,
714 1460 857 1525 quod
874 1496 887 1517 ‚
922 1459 1037 1512 licet
1059 1463 1418 1530 Philosophus,
1443 1469 1721 1520 Catholicae
1752 1484 1823 1521 ta-

82 1541 203 1575 men
216 1525 348 1574 Fidei
368 1527 637 1574 acerrimus
664 1527 875 1574 extiterit
907 1527 1139 1576 defensor
1158 1561 1171 1582 ,
1203 1531 1254 1578 ὃς
1278 1531 1458 1580 vindex
1481 1550 1491 1579 :
1528 1549 1664 1583 nunc
1686 1537 1824 1584 enim

82 1590 220 1642 illam
243 1600 645 1656 propugnaverat
673 1589 857 1642 verbo,
881 1605 1017 1638 nunc
1037 1588 1363 1640 confirmarat
1382 1595 1615 1659 effemplo
1642 1630 1654 1650 ‚
1686 1612 1825 1647 nunc

82 1650 250 1705 hostes
271 1653 335 1701 fic
360 1652 708 1702 confutaverat
725 1653 933 1716 scripto,
957 1665 1011 1701 ut
1031 1652 1135 1702 hoc
1160 1655 1228 1703 illi
1256 1652 1545 1706 statueretur
1565 1659 1790 1723 elogium
1810 1693 1826 1714 ,

85 1718 278 1767 nullam
298 1715 437 1765 fuisse
462 1715 529 1763 sui
550 1717 790 1780 temporis
826 1715 1027 1764 haeresin
1049 1749 1061 1771 ‚
1098 1732 1251 1779 quam
1283 1719 1480 1769 calamo
1517 1737 1625 1770 non
1659 1722 1826 1772 debel-

85 1778 238 1831 lasset.
307 1782 441 1829 Inter
458 1779 572 1826 alias
598 1778 835 1827 doetrinae
861 1776 1014 1843 pestes
1032 1813 1045 1833 ,
1082 1781 1335 1829 invaluisse
1365 1795 1487 1832 tunc
1513 1785 1723 1848 legimus
1751 1801 1825 1834 er·

81 1859 255 1895 rorem
279 1843 439 1896 illum,
464 1857 569 1904 quo
589 1841 796 1903 quidam
810 1843 1029 1890 Simonis
1048 1845 1188 1907 Magi
1207 1844 1389 1909 spurius
1404 1848 1663 1913 Pronepos
1685 1849 1826 1898 ausus

87 1903 156 1956 est
174 1907 339 1955 dicere
361 1924 371 1954 :
408 1907 468 1952 nil
480 1905 568 1961 sitis
599 1906 809 1951 hominem
825 1903 932 1965 poffe
949 1906 1131 1957 viribus,
1151 1907 1217 1961 led
1233 1920 1313 1967 per
1326 1909 1459 1964 fialam
1472 1914 1663 1969 gratiam
1682 1915 1827 1958 vince-

89 1986 136 2018 re
157 2003 170 2020 ,
207 1969 391 2032 efficique
413 1968 601 2015 beatum.
699 1969 799 2016 En!
821 1967 977 2016 thesin
996 2004 1008 2019 ‚
1030 1969 1167 2025 cujus
1184 1971 1438 2027 jansenius
1462 1974 1630 2021 infelix
1650 1974 1822 2025 Echo:

70 2033 214 2082 'dum
239 2031 302 2080 fic
324 2031 538 2094 adauget
560 2031 724 2095 gratiae
744 2032 896 2085 vires,
921 2043 975 2079 ut
994 2030 1194 2080 homini
1215 2034 1403 2082 adimat
1431 2035 1728 2085 libertatem.
1764 2040 1827 2088 Et

88 2111 196 2159 quo
218 2107 355 2160 putas
379 2092 734 2158 Philosophieo
758 2094 862 2142 telo
882 2096 1250 2159 impugnaverit
1271 2098 1551 2147 doctrinam
1573 2102 1624 2148 in
1636 2101 1831 2166 Peripa-

91 2171 149 2207 to
170 2171 275 2208 tam
295 2157 598 2222 paradoxam
618 2159 634 2204 ἒ
667 2157 896 2218 nunquid
926 2158 1214 2222 opposuerit
1242 2160 1430 2209 sensum
1454 2177 1791 2212 communem
1809 2195 1826 2217 ‚

90 2218 388 2286 experientia
418 2217 677 2268 manifesta
710 2220 958 2269 suffultam
979 2253 992 2274 ‚
1028 2237 1162 2284 quo,
1196 2226 1347 2272 etiam
1378 2226 1428 2272 in
1460 2222 1585 2274 statu
1619 2228 1824 2275 Naturae

88 2284 250 2349 lapsae,
281 2284 494 2349 plurima
513 2280 742 2345 quotidie
772 2284 982 2332 facimus
1012 2318 1026 2338 ‚
1062 2300 1170 2348 quae
1203 2299 1372 2335 tamen
1402 2286 1553 2336 libere
1589 2290 1827 2337 omittere

91 2349 412 2413 poteramus?
447 2346 710 2403 objecerit,
739 2346 924 2396 sublata
943 2346 1036 2395 hac
1059 2349 1283 2397 libertate
1301 2382 1315 2402 ,
1339 2350 1719 2399 deliberationes
1748 2350 1828 2400 fo·

95 2426 147 2459 re
166 2412 467 2474 nugatorias,
491 2410 647 2458 futilia
668 2423 908 2474 praecepta
931 2442 944 2463 ‚
983 2425 1111 2459 vana
1142 2412 1344 2461 consilia
1369 2446 1380 2466 ‚
1416 2414 1578 2460 inania
1597 2415 1824 2477 praemia,

100 2485 250 2536 atque
269 2473 534 2538 supplicia?
570 2471 766 2526 dixerit,
787 2470 851 2520 fic
870 2473 1076 2523 DEUM
1104 2474 1261 2538 ipsum
1290 2473 1678 2524 crudeliffimum
1714 2476 1828 2525 fore

97 2538 393 2602 Tyrannum
415 2569 430 2593 ‚
466 2538 517 2587 ὃς
541 2536 708 2586 omnis
736 2534 1239 2649 peccaffglssuthorem
1266 2539 1281 2587 ἓ
1317 2553 1425 2602 quae
1461 2538 1836 2654 omniassquam

1023 2612 1052 2646 2
1668 2618 1778 2655 ieo-
