2175 2911
406 118 436 155 2
446 119 463 154 1
475 118 507 152 2
1061 100 1212 165 Janm
1245 95 1433 162 Bifrons.

343 212 442 259 que
460 192 648 261 Sisyphi
668 193 731 244 ad
753 190 900 246 instar
918 196 1106 248 volvit:
1143 198 1262 248 hinc
1286 194 1498 245 afferunt
1519 190 1814 248 bifrontem,
1836 193 1972 260 quali
1994 196 2095 250 una

340 261 512 309 fronte
535 258 768 324 aspiceret
793 272 992 325 tempus
1023 261 1251 326 praesens,
1277 256 1427 308 altera
1457 260 1759 324 prospiceret
1786 258 2006 309 futuram
2035 277 2090 310 ae·

340 325 644 371 ternitatem.
744 323 843 373 Sed
865 327 1121 374 mittamus
1144 323 1428 374 fabulosum
1449 327 1698 372 corticem
1714 355 1727 377 ,
1749 325 1798 371 ὅ(
1818 323 1966 372 Duce
1985 324 2095 373 Phi·

340 385 562 451 losopho
578 419 592 441 ,
616 387 830 437 veritatis
852 389 1092 438 nucleum
1115 390 1436 441 excutiamus,
1459 388 1689 433 Naturam
1711 387 1909 442 scilicet,
1935 399 2094 449 tempo-

341 466 399 497 ru
418 466 467 496 ac
495 463 762 497 aeternztatu.

467 514 666 564 LEUC:
736 514 1009 565 Meliorem
1031 518 1081 565 in
1105 517 1152 566 S.
1175 514 1355 565 Fursco
1380 516 1595 573 Janum,
1626 516 1754 563 aetati
1775 511 1954 563 nostrae
1976 529 2099 580 pro-r

337 577 486 640 ponis
508 594 517 625 :
557 576 619 625 de
641 576 744 626 hoc
771 578 930 643 legisse
956 596 1039 628 me
1062 581 1293 631 memini,
1317 578 1460 642 quod
1486 577 1512 627 a
1534 579 1780 626 severiore
1800 577 2091 631 Pallade,ad

339 641 386 688 S.
404 641 665 705 Scripturae
687 642 873 706 pulpita
893 643 1100 696 delatus,
1123 643 1365 691 solidioris
1389 658 1565 690 amore
1590 643 1849 705 Sapientiae
1870 641 1934 689 sic
1959 656 2093 690 exar-

338 702 447 751 serit
463 736 476 757 ,
500 716 554 753 ut
581 703 706 752 dum
722 738 735 759 ,
756 704 958 767 Physica
983 707 1177 760 fronte,
1199 706 1373 755 caduci
1402 707 1644 768 temporis
1669 705 1967 753 brevitatem
1992 703 2093 767 spe-

337 766 463 818 ctat,
489 768 671 815 morali
699 768 876 822 altera,
901 772 1227 818 aetcrnitatem
1251 771 1682 831 contemplaretur
1698 801 1710 821 ,
1734 768 1856 832 saepe
1885 769 1935 815 in
1953 769 2092 815 terris

334 828 696 895 Philosophus,
720 831 840 896 saepe
864 832 1063 882 Ethicus
1088 835 1138 881 in
1152 833 1311 882 Coelis
1339 836 1590 879 extaticus.
1668 834 1824 877 MEL:
1894 832 1967 879 Ita
1989 827 2083 878 est:

335 903 458 942 tunc
479 889 722 957 praecipue
737 927 749 948 ,
772 894 891 944 cum
917 896 979 944 ad
1002 892 1349 961 Magisterium
1374 892 1577 943 coeleste
1600 893 1663 942 ab
1679 894 1885 957 Angelis
1907 909 2088 942 evoca-

333 967 438 1010 tus,
459 957 886 1020 globiTerraquei
916 960 1148 1013 molem,
1168 959 1292 1014 vitiis
1330 958 1552 1014 undique
1586 957 2004 1019 conflagrantem,
2030 959 2083 1004 in

332 1021 615 1067 aeteruitatis
635 1020 861 1084 abyssum
886 1037 1011 1069 mox
1032 1024 1277 1069 ruituram
1305 1020 1564 1083 spectaret,
1602 1019 1722 1066 cum
1756 1018 1863 1067 vilis
1900 1021 2089 1066 aeterni-

333 1083 441 1130 tatis
469 1079 694 1131 infaustae·
712 1083 951 1146 suppliciis
967 1116 979 1136 ,
1004 1085 1055 1131 in
1075 1082 1280 1131 Mundo
1305 1084 1477 1141 eloqui
1500 1080 1644 1134 iussus
1672 1079 1765 1131 est,
1792 1097 1899 1143 quae
1924 1083 1974 1128 in
1995 1098 2086 1131 cor

331 1142 556 1192 hominis
579 1145 658 1191 vel
677 1159 960 1205 nunquam,
984 1145 1066 1192 vel
1086 1159 1200 1191 non
1221 1143 1285 1191 sat
1310 1139 1565 1206 profunde
1587 1143 1965 1191 descenderant:
2003 1145 2106 1193 sci-

331 1206 449 1253 licet
474 1216 641 1265 tempus
675 1221 795 1251 omne
815 1241 827 1256 ‚
867 1208 1030 1252 intuitu
1060 1208 1341 1259 aeternitatis,
1370 1203 1442 1263 effe
1465 1208 1687 1265 exiguunz.¹
1725 1222 1830 1252 nam>
1852 1219 2088 1253 momenta.

281 1308 291 1317 .
333 1283 464 1313 neum.
488 1266 570 1319 est,
598 1270 708 1330 quod-
737 1268 1197 1320 deleffatssternum,
1223 1269 1331 1344 qupd
1362 1273 1549 1316 cruciat..

458 1331 657 1381 LEUC:
725 1332 867 1382 Utilis
889 1331 1235 1397 Philosophia,
1264 1349 1295 1379 e
1321 1347 1418 1394 qua
1436 1366 1448 1385 ‚
1480 1333 1619 1381 velut
1645 1330 1954 1384 aurifodina,
1977 1346 2086 1383 tant

276 1409 287 1419 ·
330 1392 491 1443 saneta
516 1392 544 1442 a
566 1394 752 1443 Sanetis
775 1395 1016 1459 dogmata
1040 1407 1295 1443 eruuntur.
1367 1396 1464 1444 Sed
1488 1410 1542 1444 ut
1562 1395 1706 1446 filum
1728 1398 1953 1446 discursui
1969 1415 2093 1462 poro

331 1459 519 1521 rigam,
555 1458 665 1506 edic
693 1473 873 1523 precor
893 1491 906 1512 ,
938 1459 1038 1520 quid
1072 1457 1173 1517 erg&
1192 1458 1403 1518 Tempust
1465 1461 1625 1506 MEL:
1692 1463 1824 1510 Nonv
1851 1474 1969 1516 tuo,
2000 1461 2085 1511 sed

332 1517 605 1584 Augustini
626 1536 687 1570 ex
708 1536 803 1569 ore.
819 1520 958 1570 fluxit
980 1520 1089 1570 haec
1107 1518 1330 1583 quaestio,
1351 1521 1376 1571 a
1399 1538 1509 1585 quo
1527 1525 1981 1589 igitur‘relponsum
2006 1541 2090 1574 ca·-

235 1599 244 1609 ·
287 1597 303 1609 ⁰⁷
330 1598 409 1646 pe.
510 1586 555 1629 Si
577 1600 696 1629 nemo
721 1600 774 1631 ex
794 1598 1064 1647 mequaerat,
1077 1584 1190 1641 scio.-
1219 1584 1255 1643 fi
1281 1587 1493 1645 explicare
1515 1589 1654 1633 velim
1673 1591 1895 1650 querenti,
1927 1589 2076 1643 nescio,

330 1647 469 1694 Dixit
491 1647 678 1710 aliquid
699 1648 929 1713 Princeps
949 1645 1146 1702 noster,
1168 1647 1249 1696 sed
1277 1664 1372 1712 pro
1401 1649 1664 1697 subtilitate
1687 1651 1766 1698 sua
1793 1651 2078 1705 obscurius,

84 1694 308 1754 L·4·Ph)'ss
333 1709 458 1758 dtun
480 1722 680 1774 tempus
701 1724 853 1760 vocat
872 1729 1093 1758 numerum
1112 1712 1252 1757 motzsss
1267 1710 1491 1769 secundam
1503 1716 1703 1772 pria&
1720 1714 1949 1772 pusz'eriztsr.
1978 1715 2078 1764 Lu-

85 1774 120 1804 c.
147 1770 219 1816 13.

80 2456 189 2503 Gen.
217 2467 258 2502 1.

327 1788 442 1821 cem
464 1771 733 1823 affundunt
750 1776 1063 1840 Interpretes,
1080 1774 1288 1838 quando
1314 1790 1400 1839 per
1421 1791 1640 1822 numerum
1662 1777 1948 1840 intelligunt
1962 1794 2077 1823 men-

314 1835 491 1893 suram,·
513 1849 632 1902 puta
648 1870 661 1891 ,
683 1838 1062 1887 multitudinem
1084 1840 1301 1904 partium
1322 1839 1525 1894 alicujus
1556 1837 1728 1888 motus
1743 1872 1755 1891 ,
1782 1838 2078 1890 immediata

323 1900 411 1950 fibi
433 1900 578 1953 series
611 1900 1002 1951 succedentium.
1104 1902 1338 1951 Mensura
1367 1901 1496 1955 hsce,
1519 1901 1551 1950 si
1578 1902 1671 1950 sese
1703 1904 1764 1952 ab
1799 1905 2073 1953 extrinseco

325 1976 513 2018 teneat,
531 1964 711 2024 Tempus
736 1967 867 2029 parit
886 1965 1161 2023 extrinsecum
1177 1998 1188 2020 ,
1221 1960 1446 2027 soletque
1467 1966 1658 2014 desumi
1682 1965 1708 2014 a
1729 1967 1918 2031 puncto
1948 1982 2077 2029 quo-

324 2027 443 2075 dam
464 2026 566 2074 fixo
590 2031 868 2077 aeternitatis
891 2030 1216 2093 imaginario,
1250 2030 1330 2077 vel
1360 2031 1387 2078 a
1416 2030 1822 2084 virtualitatibus,
1851 2030 1905 2079 ut
1931 2032 2076 2094 phra-

326 2089 383 2138 sis
403 2088 552 2137 habet
571 2089 1189 2146 scholastica,AEter11·itatis
1213 2092 1427 2141 Divinae.
1498 2093 1713 2142 Calculo
1738 2106 1908 2142 tamen
1930 2110 2071 2142 com-

328 2154 565 2202 muniore
580 2186 598 2206 ,
617 2169 715 2217 pro
732 2158 961 2204 mensura
987 2153 1233 2210 statuitur,
1255 2156 1391 2206 Coeli
1411 2156 1613 2205 mobilis
1632 2155 1866 2207 succellio
1887 2157 2073 2222 sphaeri-

326 2231 385 2265 ca
402 2248 414 2268 ,
435 2228 679 2278 tanquam
701 2232 810 2279 quae
843 2219 1107 2269 sensibilius
1134 2220 1268 2269 cadit
1292 2220 1381 2268 sub
1401 2221 1608 2269 oculos:
1647 2218 1705 2270 ea
1733 2221 1870 2283 lege,
1893 2233 1946 2269 ut
1970 2235 2068 2268 una

324 2279 544 2328 ubicatio
568 2278 678 2326 solis
694 2312 706 2332 ,
726 2281 1035 2331 succedaneo
1067 2283 1263 2337 ordine,
1286 2286 1460 2348 prioris
1486 2285 1623 2334 velut
1644 2284 1940 2348 pedissequa,
1961 2297 2066 2330 me-

323 2344 471 2391 tiatur
492 2358 661 2390 rerum
682 2346 920 2393 omnium
946 2346 1045 2395 five
1067 2346 1445 2396 diuturnitatem
1459 2383 1471 2399 ‚
1497 2347 1596 2397 sive
1617 2348 1927 2399 brevitatem.
1975 2347 2065 2393 Vi-

326 2405 470 2455 detur
492 2405 619 2460 hoc,
640 2406 728 2454 suo
758 2407 971 2456 Creator
1001 2409 1104 2472 ipse
1128 2411 1405 2465 mandato,
1423 2408 1725 2465 stabilivisse,
1760 2409 1882 2458 dum
1918 2409 2064 2458 dixit:

316 2468 436 2526 flant·
448 2471 679 2517 luminaria
708 2486 801 2514 cnm
812 2469 1116 2526 firmamento,
1144 2476 1199 2521 Θ
1210 2474 1302 2533 fin&
1324 2477 1373 2521 in*
1387 2475 1533 2536 signa,
1560 2478 1615 2523 <sy
1638 2485 1851 2534 tempora,
1879 2475 1923 2518 in
1947 2475 2062 2525 dies,

325 2535 379 2581 (9‘
399 2549 540 2582 annos.
641 2530 804 2602 Qod
816 2566 829 2590 ,
849 2532 884 2585 sl
905 2535 1134 2588 mensura
1152 2536 1264 2589 haee
1284 2539 1427 2591 foret*
1439 2537 1694 2588 intrinseca
1707 2569 1720 2591 ,
1745 2546 1907 2610 templa
1926 2535 2061 2609 foret

1859 2612 2016 2647 entran-
