2175 2911
368 153 421 189 21
432 152 465 199 4
997 137 1143 200 Jantu‘
1177 134 1363 201 Bz‘fton's.

306 246 357 283 te
388 249 499 284 non
526 246 712 288 unum,
735 229 817 283 sed
837 247 1019 283 omnes
1048 237 1100 283 in
1133 251 1232 284 una
1263 235 1432 283 fronte
1455 233 1640 283 referre
1670 244 1813 301 putes
1843 236 2049 302 tragela-

305 297 452 363 phos.
553 296 867 352 Vobiscum,
890 299 1050 361 inquit
1070 331 1082 351 ,
1113 310 1335 346 creatum
1365 296 1487 360 quid.
1520 301 1646 363 agit,
1671 299 1892 348 calidum
1918 298 2050 358 juxta

306 376 363 410 ac
384 360 648 426 frigidum,
672 357 858 410 siccum
881 376 937 410 ac
961 361 1240 414 madidum,
1262 362 1477 424 longum
1496 377 1552 410 ac
1573 362 1747 415 breve,
1765 362 2047 419 jucundum

305 422 475 487 atque,
500 441 556 474 ac
575 423 810 488 lugubre:
849 440 983 473 nunc
1007 427 1142 473 enim
1175 426 1224 471 in
1254 425 1423 472 fronte
1459 426 1555 472 ciet
1587 422 1784 473 tristitiae
1813 425 2046 479 nebulas,

304 484 578 553 largosque
608 503 666 536 cx
695 488 853 536 oculis
878 488 1002 553 pluit
1034 489 1241 535 imbres:
1288 502 1424 534 nunc
1454 487 1614 535 vultui
1645 488 1978 539 serenitatem,
2001 505 2048 537 a·-

303 549 619 615 moenosque
651 552 808 601 oculis
836 551 997 600 induit
1028 551 1219 604 radiOS,
1255 546 1402 612 {eq-ae
1435 549 1533 598 una
1565 566 1682 599 cum
1715 552 1813 606 aliis
1847 552 1909 599 ad
1937 553 2045 599 laeta

304 618 528 664 animare
556 614 680 663 solet
703 614 931 680 tripudia.
981 612 1141 680 Quod
1160 614 1191 661 li
1214 629 1426 676 quaeras,
1457 614 1664 662 ubinam
1692 615 1929 664 locorum
1954 614 2047 663 ho-

303 680 536 745 spitetur?
572 679 785 728 Coelum
819 677 1022 742 suspice,
1043 678 1164 726 illud
1190 678 1392 726 incolit:
1428 689 1613 726 terram
1644 676 1861 742 despice,
1885 681 1935 728 ὅ(
1966 694 2046 726 or-

303 759 451 796 cum3
474 758 592 792 nam
616 745 666 793 &
689 742 784 791 hos
805 757 1014 804 quoquc
1037 741 1292 789 inhabitat.
1361 740 1617 789 Caeterum
1637 741 1795 788 oculis
1824 754 1971 794 caret,
1994 745 2045 791 <Sc

301 809 372 856 nil
393 820 565 856 tamen
585 803 675 860 cst,
701 806 844 869 quod
864 807 964 862 ejus
984 802 1127 869 pollit
1149 804 1350 852 subduci
1374 803 1684 868 conspectui:
1721 817 1854 851 caret
1873 820 1977 856 ore,
1993 808 2044 853 δε

299 871 630 919 nihilominus
661 869 893 917 absorbet
933 871 1136 919 omnia,
1162 870 1334 929 quavis
1369 867 1627 927 Charybdi
1661 871 1921 916 voracius:
1968 883 2046 915 ca-

302 946 378 983 ret
400 933 634 999 pedibus,
660 935 711 982 <Sc
738 933 889 980 currit
909 944 1077 980 tamen
1094 964 1106 985 ,
1130 928 1368 979 Atalanta
1402 930 1642 978 velocius.
1688 931 1988 983 Transii-cta,
2013 929 2046 978 fi

299 999 465 1050 lubet,
490 997 608 1045 velis
643 993 896 1058 remisque
933 997 1113 1046 maria,
1143 994 1483 1054 subsequetur:
1531 1008 1733 1056 peragra
1766 1006 1941 1046 terras,
1966 994 2047 1041 vel

303 1061 340 1109 fi
373 1062 555 1112 mavis,
585 1059 768 1120 jugales
792 1054 1035 1109 Austros,
1067 1059 1114 1104 ὃ(
1152 1056 1439 1115 Aquilones
1469 1056 1662 1102 volanti
1684 1054 1850 1102 effedo
1879 1057 2046 1119 junge,

300 1124 390 1172 tibi
413 1133 701 1186 praecurret:
738 1133 923 1181 capreae
943 1120 994 1163 in
1017 1131 1236 1165 morem,
1253 1116 1534 1163 conscende
1555 1129 1773 1169 montes,
1788 1120 1837 1166 ὅ(
1858 1118 1918 1165 ab
1940 1135 2047 1166 uno

301 1187 434 1248 rupis
465 1183 729 1230 cacumine
756 1182 808 1227 in
831 1179 982 1231 aliud,
1009 1178 1143 1226 dicio
1166 1178 1330 1230 eitius,
1353 1192 1400 1225 te
1424 1178 1575 1231 libra,
1600 1191 1771 1226 tamen
1800 1192 1847 1226 tc
1878 1181 2048 1244 deprc-

299 1246 516 1297 hendct:
553 1245 649 1292 alas
675 1242 702 1291 a
722 1242 919 1306 Paegaso
945 1254 1119 1289 mutua
1135 1275 1147 1293 ,
1167 1237 1320 1304 teque
1351 1243 1402 1289 in
1425 1244 1537 1288 aera
1558 1243 1749 1295 attolle,
1774 1244 2049 1292 immensos

300 1311 415 1359 illos
439 1308 644 1361 tractus,
670 1302 945 1354 momento
975 1306 1244 1368 temporis,
1269 1308 1318 1354 δε
1354 1302 1561 1352 demissa
1596 1305 1825 1354 velocior
1854 1305 2049 1370 sagitta,

302 1372 558 1422 transvola
574 1404 586 1425 ,
609 1369 942 1419 nihilominus
968 1381 1017 1415 te
1039 1368 1344 1430 ass'equetur,
1367 1380 1480 1416 utut
1500 1384 1593 1416 nec
1616 1369 1841 1433 pedibus,
1869 1371 2049 1433 quibus

302 1448 493 1491 currat,
521 1447 605 1483 aut
627 1434 784 1486 saliat,
807 1447 900 1479 nec
923 1434 1095 1494 pennis
1111 1464 1123 1483 ,
1146 1431 1326 1493 quihus
1349 1433 1513 1485 volet,
1534 1432 1798 1496 praeditum
1818 1432 1885 1480 fit.
1958 1435 2050 1497 Py-

302 1498 518 1564 thagora
539 1499 720 1560 quovis
743 1492 811 1543 est
839 1496 1213 1548 taciturnius‚ac
1237 1508 1385 1543 muto
1408 1495 1533 1560 pisce
1557 1496 1754 1560 elingue
1775 1494 1961 1560 magis,
1997 1501 2050 1547 ὃς

299 1562 629 1612 nihilominus
663 1558 832 1625 prodit
870 1559 1078 1610 omnia,
1109 1570 1241 1606 tacet
1273 1557 1421 1606 nihil:
1469 1575 1731 1622 nunquam
1767 1560 1935 1607 didicit
1967 1561 2053 1609 ali·
2106 1566 2109 1569 '

302 1626 452 1688 quid,
478 1641 570 1673 nec
597 1624 694 1672 ulla
713 1624 937 1671 scientiae
961 1622 1106 1670 laude
1133 1618 1202 1668 est
1221 1623 1579 1675 memorabile,
1605 1626 1654 1671 ὅ(
1675 1635 1846 1670 tamen
1867 1625 2050 1686 primas

301 1691 355 1738 in
375 1689 631 1738 Athenaeis
660 1685 745 1734 sibi
768 1685 1024 1733 cathedras
1049 1684 1306 1737 vendicat,
1328 1683 1670 1746 omniumque
1694 1687 2049 1748 complectitur

304 1753 637 1801 Scientiarum
658 1748 1103 1813 encyclopaediam.
1198 1749 1334 1796 Nam
1357 1749 1652 1812 jurisperitis
1675 1750 1960 1809 aequalitatis
1983 1750 2050 1797 lc-

304 1831 390 1880 gcs
405 1850 417 1870 ,
438 1812 751 1878 Philosophis
774 1828 951 1860 arcana
973 1813 1194 1864 Naturae,
1215 1810 1496 1874 Theologis
1519 1810 1779 1859 recondita
1799 1811 1916 1860 fidei
1940 1828 2048 1868 mv-

305 1880 447 1929 steria
467 1877 656 1943 pandit.
758 1875 885 1925 Illud
911 1876 1125 1928 mirum,
1146 1874 1288 1937 quod
1312 1871 1581 1922 stomacho
1607 1886 1786 1928 careat,
1807 1878 1857 1924 ὃ(
1876 1869 2049 1925 tamen

306 1953 599 2005 concoquat
621 1941 796 1988 omnia
811 1972 824 1991 ,
847 1938 909 1986 ad
931 1936 1219 1986 struthionis
1242 1937 1499 1986 invidiam.
1545 1939 1638 1986 Fur
1658 1935 1752 1990 est,
1773 1954 1893 1986 narn
1922 1941 2050 2003 rapit

309 2007 511 2059 omnia,
534 2001 784 2066 simulque
815 1998 1032 2066 prodiga
1066 2001 1387 2055 liberalitate,
1407 2004 1590 2063 cuique
1624 1999 1765 2048 affert
1792 2001 2046 2050 thesauros

309 2065 691 2118 inaestimabiles:
730 2066 797 2113 nil
820 2066 909 2113 illo
943 2066 1115 2118 ditius,
1138 2065 1206 2112 nil
1242 2065 1333 2112 illo
1365 2067 1656 2129 pauperiuss
1693 2061 1854 2112 affistit
1882 2067 2048 2113 omni-

307 2133 427 2185 bus,
457 2131 672 2178 adhaeret
691 2131 905 2176 nemini:
945 2128 1311 2180 valetudinem,
1343 2131 1393 2177 ὃ(
1414 2129 1540 2178 vires
1568 2127 1865 2192 suppeditat,
1890 2127 2046 2176 &has

308 2197 458 2260 rapit:
497 2195 651 2241 vitam
681 2193 930 2254 indulget,
957 2196 1005 2241 δε
1026 2203 1251 2239 mortem
1276 2189 1440 2246 affert,
1465 2190 1765 2255 gratificatur
1797 2191 2047 2252 aequaliter

311 2257 551 2308 omnibus
567 2288 578 2309 ,
603 2256 724 2302 nulli
745 2254 790 2301 se
811 2257 856 2303 se
876 2256 1162 2303 obnoxium
1182 2254 1325 2309 facit,
1355 2257 1404 2304 ὅς
1425 2254 1691 2303 omnibus:
1726 2258 1777 2303 ὅ(
1799 2268 1906 2315 quae
1930 2268 2046 2316 prae-

312 2323 457 2385 cipua
477 2321 680 2368 Natura:
705 2320 1000 2381 proprietas:
1037 2318 1105 2365 nil
1128 2318 1217 2366 illo
1248 2317 1505 2382 pretiofius
1533 2320 1585 2366 in
1607 2316 1837 2368 Mundo,
1856 2316 1924 2362 nil
1952 2317 2042 2364 illo

313 2385 480 2436 vilius:
518 2379 639 2430 nihil
660 2392 857 2429 curatur
875 2380 1054 2431 minus,
1077 2379 1198 2429 cum
1221 2378 1499 2435 adest,nihil
1517 2375 2045 2445 optaturimagis‚cum

311 2442 474 2496 abestz'
511 2456 691 2493 aeterna
722 2444 846 2506 parit
882 2444 1258 2499 emolumenta,
1284 2443 1318 2493 s1
1345 2444 1475 2493 bene
1506 2444 1670 2495 colas,
1691 2452 1869 2488 aeterna
1903 2441 2044 2491 affert

312 2507 585 2575 dispendia,
607 2505 641 2555 fi
665 2501 796 2553 male
829 2520 985 2553 cures.
1086 2509 1207 2559 Haec
1237 2507 1576 2565 ille,solventi
1607 2505 1906 2569 promittens
1925 2521 2043 2570 prae-

308 2587 499 2629 mium,
525 2569 669 2636 quod
689 2568 913 2634 Tempus
932 2568 1082 2620 dabit.

1777 2631 1975 2683 LEUC:
