2175 2911
403 148 466 196 70
1028 132 1199 196 Coloffiu·
1230 130 1452 194 Mysticus.'

343 225 573 278 stantiam
593 260 606 282 ‚
641 237 1048 294 temperamento
1067 231 1297 296 frigidam
1323 227 1464 295 aequ'e
1486 245 1542 280 ac
1562 227 1843 285 humidam,
1864 230 1983 280 acin
2001 242 2097 281 tres
2174 240 2175 274 ἐ

337 305 499 357 partes
534 290 763 342 ordinate
793 293 1013 342 divisam.
1084 297 1141 343 ln
1161 295 1232 343 his
1253 297 1524 359 conspicies
1545 297 1841 348 innumeros
1860 295 2096 348 fornices,
2173 311 2175 335 l

338 359 389 405 ὃς
421 357 653 405 cavitates
676 388 690 408 ‚
726 371 845 418 quas
870 354 1060 405 textura
1083 358 1294 406 mirabili
1319 359 1541 405 Choroides
1582 354 1796 406 vestiunt
1820 389 1832 410 ‚
1887 353 2095 420 suisque,

335 418 599 467 maeandris
621 417 854 468 sexcentae
869 417 1174 484 distinguunt
1195 436 1359 473 vcnae,
1396 433 1546 482 atque
1558 422 1770 468 arteriae:
1808 420 1996 468 videbis
2017 436 2099 469 va-

335 485 427 529 rias
460 481 677 543 denique
708 483 965 546 glandulas
995 516 1007 535 ‚
1043 484 1292 546 pinealem
1324 478 1568 547 praecipu‘e
1593 515 1606 535 ‚
1644 480 1670 530 ὲ
1709 498 1808 544 qua
1845 484 1983 531 velut
2021 498 2094 531 ra·
2170 545 2171 549 Ἰ

335 544 446 592 dice
466 578 479 598 ‚
516 560 791 594 nervorum
817 545 1079 594 ramusculi
1096 548 1147 594 in
1167 546 1377 609 lingulas
1397 557 1554 610 partes
1569 548 1794 609 corporis
1818 546 2099 610 dispergun-
2169 556 2171 604 j

339 619 436 655 tur.
506 609 606 657 En!
635 608 849 663 causam,
871 624 979 672 quae
1000 609 1224 658 Cartefio
1244 608 1446 657 suaserat
1465 642 1478 660 ‚
1515 620 1569 656 nt
1591 606 1709 656 huic
1729 608 1973 672 glandulae
1997 611 2099 657 ani-

335 686 479 718 mam
506 703 518 723 ‚
554 671 692 720 velut
716 672 1082 721 Prometheum
1106 672 1331 722 Caucaso
1353 706 1367 726 ,
1404 672 1648 735 alligaret,
1675 685 1835 725 ratus,
1863 670 2009 734 quod
2034 671 2098 722 ad

335 735 540 782 clavum
558 733 622 783 sie
643 734 802 800 posita
822 768 836 788 ,
872 732 1015 784 facile
1038 736 1317 799 impelleret
1337 751 1521 784 nervos
1545 767 1558 788 ,
1593 734 1736 782 funes
1761 736 1914 783 veluti
1942 737 2099 783 nauti·
2168 764 2169 769 =

335 812 424 845 cos
446 830 458 850 ‚
496 800 545 848 ὃς
568 797 871 848 adhaerentes
895 801 1055 847 nervis
1091 801 1294 864 Spiritus
1328 814 1419 863 pro
1447 798 1590 846 libitu
1621 800 1865 846 animaret
1885 833 1898 848 ,
1936 797 2101 845 dimit-

336 871 464 908 teret
495 863 700 909 nuntios
726 895 738 916 ‚
776 865 826 911 ὃς
860 863 1038 926 pineali
1070 863 1121 910 in
1163 862 1290 911 solio
1313 895 1326 916 ‚
1362 864 1602 926 reciperet
1630 862 1837 924 legatos.
1883 861 2100 910 Felicem
2165 881 2168 922 ς

337 923 708 988 Philosophum
741 927 750 972 Σ
789 929 875 987 qui
923 940 1237 988 quaecunque
1281 927 1490 973 inaniter
1536 923 1676 972 finxit
1710 923 1763 972 ut
1801 939 1916 973 vera
1942 956 1956 978 ,
1991 938 2102 972 non

338 984 506 1035 modo
535 987 735 1036 credere
760 990 925 1053 potuit
953 1022 964 1043 ,
1002 988 1153 1036 sedin
1173 988 1263 1036 suis
1290 988 1533 1052 principiis
1554 990 1704 1035 etiam
1727 987 1916 1035 debuit.

43 1098 46 1101 .
85 1072 241 1130 cartes
258 1074 307 1118 με
497 1051 694 1100 LEUC:
733 1053 804 1099 Ita
828 1048 896 1100 est
919 1070 928 1099 :
966 1067 1086 1100 nam
1108 1054 1234 1099 inter
1256 1050 1549 1101 Cartesianae
1571 1050 1727 1097 fulcra
1751 1048 2101 1113 Philosophiae,

233 1111 242 1120 ”
268 1104 280 1118 ⁴
342 1108 409 1160 est
430 1112 553 1159 illud
578 1128 787 1174 quoque
823 1110 1187 1177 phantasticum
1211 1147 1224 1167 ‚
1260 1115 1369 1175 quad
1386 1129 1471 1175 qnae
1486 1112 1628 1171 prim&
1652 1114 1831 1171 concipit
1843 1111 2066 1172 phantafia
2085 1145 2100 1167 ,
2162 1124 2164 1132 ⁸

337 1176 412 1220 hoc
429 1175 537 1232 ipso,
568 1190 634 1218 res
652 1177 766 1218 inter
785 1176 999 1224 conditas,
1027 1175 1122 1232 jam
1141 1188 1334 1220 numeret
1356 1189 1527 1220 natura.
1598 1173 1656 1222 Id
1681 1190 1858 1222 verum
1873 1173 2096 1226 forsitan,
2162 1189 2163 1195 ’

334 1236 370 1284 fi
394 1237 719 1300 conciperem
744 1268 757 1288 ,
793 1235 1108 1286 Cartefianos
1124 1239 1365 1292 vortices,
1400 1253 1509 1286 non
1532 1236 1617 1285 nisi
1632 1239 1681 1284 in
1697 1238 1944 1286 Aut-horis
1963 1253 2102 1302 gyra·
2159 1271 2161 1285 i

332 1301 372 1348 ri
395 1298 781 1353 cerebro‚unde
811 1312 1002 1348 tantam
1025 1316 1078 1348 re
1099 1317 1215 1349 vera
1236 1313 1384 1364 caput
1410 1302 1724 1364 vertiginem.
1793 1303 1956 1350 MEL:
1984 1302 2103 1350 den-
2158 1310 2161 1359 ῥ

331 1375 440 1410 tem
459 1377 630 1427 preme
646 1380 658 1406 .·
674 1358 806 1411 male
827 1362 973 1411 decet
992 1362 1203 1410 censurae
1224 1364 1413 1427 virgula
1426 1366 1674 1426 Tyrones.
1745 1363 1946 1421 Cartesij
1962 1380 2102 1413 men-

330 1438 437 1473 tem
467 1441 577 1473 non
601 1424 769 1489 probo
792 1458 805 1478 ‚
841 1425 922 1472 sed
946 1440 1041 1473 nec
1061 1427 1321 1488 ingenium
1342 1426 1564 1489 reprobo
1592 1444 1602 1473 z
1641 1427 1740 1484 ejus
1768 1429 1914 1492 capiti
1932 1426 2101 1477 forsan
2155 1452 2158 1481 :

332 1503 436 1537 aras
463 1490 672 1552 erigeret
693 1487 1014 1552 Philosophia
1039 1522 1051 1542 ‚
1088 1488 1121 1537 si
1148 1488 1302 1552 quam
1326 1488 1563 1537 subtiliter
1587 1522 1599 1542 ‚
1637 1502 1742 1537 tam
1769 1486 1886 1540 vere
1909 1489 2100 1538 docuiss
2154 1489 2157 1546 i

331 1552 400 1601 set
418 1551 498 1599 hic
520 1550 735 1615 Sophus.
805 1551 1060 1600 Caeterum
1085 1555 1229 1600 omni
1253 1555 1380 1600 aetati
1415 1567 1606 1616 magno
1635 1553 1827 1617 semper
1855 1555 1908 1601 in
1939 1556 2103 1618 pretio
2154 1579 2156 1611 5

332 1615 495 1663 fuerat
516 1613 802 1663 humanum
816 1615 1000 1678 Caput,
1025 1617 1139 1677 quia
1154 1616 1336 1679 ingenii
1366 1615 1499 1663 sedes
1524 1649 1537 1669 ‚
1574 1619 1624 1666 ὅ(
1658 1617 1800 1665 almae
1835 1616 2101 1666 sacrarium
2152 1619 2175 1670 ;’

332 1679 592 1740 Sapientiae
616 1710 629 1732 ,
701 1676 850 1726 chola
882 1673 1016 1726 certe
1039 1677 1299 1728 Platonica
1326 1678 1449 1727 illud
1470 1711 1481 1731 ,
1518 1690 1762 1741 tanquam
1785 1680 2103 1742 Megacosmi

333 1743 596 1805 epitomen
623 1773 635 1794 ,
672 1737 740 1788 est
771 1741 1046 1790 admirata:
1085 1742 1244 1791 Coelo
1279 1741 1331 1788 id
1367 1741 1596 1804 aequabat
1619 1742 1910 1804 Antiquitas
1942 1758 2104 1791 :nam
2151 1748 2155 1756 '

332 1803 555 1867 Serapidi
573 1801 860 1869 Olympum
884 1804 1123 1869 imposuit
1145 1805 1314 1869 capitis
1341 1805 1482 1858 loco,
1507 1817 1684 1869 utpote
1706 1805 1849 1867 quod
1870 1804 1970 1859 eius
1998 1821 2103 1855 am-
2150 1802 2153 1835 ³

334 1866 499 1914 bitum
519 1870 763 1932 parvitate
788 1868 870 1915 sua
894 1868 1261 1916 transcenderet
1281 1901 1293 1921 ‚
1331 1867 1596 1917 artificium
1623 1867 1939 1931 compendio
1959 1884 2104 1917 com·
2150 1874 2152 1883 '

335 1929 646 1994 plceteretur.
693 1930 848 1979 Celtae
872 1931 1115 1980 deauratis
1135 1932 1378 1980 Avomm
1400 1933 1619 1987 calvariis
1642 1965 1655 1983 ,
1693 1932 1847 1980 veluti
1880 1931 2065 1995 cyathis
2086 1953 2126 1987 ,¹
2148 1933 2151 1950 ²

337 1993 658 2041 coronabant
679 1993 869 2041 mensas
892 2029 903 2044 ‚
941 1996 992 2043 δε
1031 1996 1224 2043 utinam
1262 1997 1427 2043 minus
1459 1991 1808 2060 superstitionis
1833 2028 1847 2048 ‚
1883 1995 1992 2059 plus
2031 1997 2103 2045 in-

337 2055 465 2118 genii
490 2071 548 2103 ex
570 2057 661 2104 illis
683 2055 945 2105 haufiffent
970 2059 980 2104 !
1015 2058 1213 2122 AEgvpti
1238 2058 1481 2106 Flamines
1511 2073 1620 2106 non
1651 2056 1739 2105 nisi
1765 2060 1886 2116 Jovi
1908 2090 1922 2111 ‚
1959 2059 2102 2108 Deo·
2145 2060 2150 2076 ⁶

338 2133 455 2165 rum
480 2118 1096 2182 Capiti,consecraverant
1113 2114 1282 2232 'Caput
1300 2154 1312 2175 ‚
1349 2123 1438 2169 rati
1460 2157 1473 2172 ,
1511 2117 1656 2183 quod
1674 2119 1708 2169 fi
1729 2136 1816 2185 per
1849 2136 1905 2169 ca
1944 2134 1998 2170 ut
2027 2123 2096 2180 ju-

338 2193 504 2228 rarent
527 2214 539 2233 ,
575 2182 904 2231 Sacramento
931 2217 944 2237 ,
989 2185 1190 2233 mortali
1232 2201 1284 2233 us
1324 2184 1603 2234 inviolabili
1634 2216 1648 2238 ,
1692 2183 1785 2232 sese
1821 2183 1892 2233 ob
1938 2186 2096 2249 ringe-

337 2256 464 2290 rent.
533 2243 631 2293 Sed
652 2260 746 2292 nec
767 2247 893 2294 mira
916 2247 1089 2296 desunt
1111 2281 1125 2303 ‚
1161 2263 1326 2312 neque
1347 2249 1616 2298 miracula,
1654 2246 1833 2309 quibus
1862 2249 1916 2296 in
1939 2252 2101 2313 eapite
2167 2262 2171 2299 ἱ

338 2306 449 2354 libri
473 2338 487 2359 ‚
524 2307 603 2355 vel
628 2307 793 2370 potius
814 2311 865 2356 in
886 2310 1017 2359 libro
1040 2313 1207 2377 eapitis
1232 2344 1244 2364 ‚
1282 2311 1511 2376 scriptam
1540 2311 1750 2374 legimus
1786 2313 1955 2360 aeterni
1987 2314 2097 2362 Nu·
2169 2329 2171 2358 :

339 2370 487 2418 minis
508 2370 902 2420 Providentiam.
972 2375 1012 2422 E
1039 2374 1378 2424 fundamentis
1416 2374 1536 2424 cum
1585 2371 1859 2437 exsurgeret
1891 2377 2096 2430 Roma,
2170 2396 2173 2422 l

341 2429 574 2481 effossum
594 2444 742 2497 caput
765 2466 779 2488 ,
814 2439 999 2484 recenti
1022 2436 1253 2502 sanguine
1285 2440 1564 2488 etiamnum
1584 2432 1770 2484 stillans
1798 2469 1812 2491 ‚
1848 2440 1899 2488 ὅ(
1919 2439 2099 2493 ἑίηεοῐ-
2173 2471 2175 2474 -

341 2506 548 2558 ruptum
576 2512 587 2542 :
623 2491 734 2544 sane
754 2498 1014 2562 multiplici
1041 2503 1231 2550 omine.
1271 2504 1404 2563 Caput
1422 2534 1436 2557 ,
1464 2497 1515 2550 ni
1532 2498 1707 2554 failor,
1737 2499 2096 2566 designaverat,
2173 2534 2175 2540 ·

342 2557 556 2616 Urbem,
571 2558 722 2611 Orbis
741 2559 907 2626 Caput
928 2561 1176 2614 futuram:
1214 2569 1403 2629 Sanguiff,
1421 2576 1500 2616 tot
1519 2561 2098 2628 sanguinolentaTyran-
2135 2576 2141 2636 ς’

1839 2641 2031 2679 notum

83 1141 306 1199 trinzcorp.

86 1199 254 1257 climens.

91 2412 211 2460 Plin.
232 2409 262 2454 l.

93 2477 170 2526 28.
207 2489 244 2522 c,
262 2483 307 2518 2.
